2124 3554
207 234 303 273 Cu.
323 224 500 277 XXV1.]
573 217 837 270 adversus
879 215 1074 268 Gentes
1098 223 1204 282 pro
1248 211 1593 267 Christianis,
1803 226 1868 280 97

206 363 489 411 debuerant.
562 360 658 409 Sed
690 360 772 423 qui
810 357 932 406 nihil
967 356 1204 415 sentiunt,
1229 362 1330 405 tam
1363 355 1562 419 impune
1597 354 1871 412 laeduntur,

206 461 354 507 quam
377 445 558 491 frustra
583 443 822 491 coluntur.
895 440 1042 488 Certe
1065 457 1163 488 non
1191 443 1350 503 potest
1375 439 1488 486 fidei
1521 437 1791 495 convenire,
1817 441 1875 484 ut

207 526 456 589 religionis
486 525 677 573 meritis
708 521 975 586 excrevisse
1012 521 1283 581 videantur,
1311 520 1410 584 qui,
1438 525 1497 569 ut
1532 519 1874 584 suggessimus,

206 607 487 671 religionem
523 611 619 655 aut*
643 605 876 654 laedendo
910 610 1181 662 creverunt,
1206 607 1293 652 aut
1328 604 1581 651 crescendo
1617 603 1873 649 laeserunt.

207 690 374 739 Etiam
409 689 500 748 illi,
537 706 743 752 quorum
777 704 924 751 regna
959 687 1167 736 conflata
1204 691 1318 735 sunt
1353 685 1406 733 in
1442 684 1634 748 imperii
1670 682 1874 731 Romani
1893 693 1914 733 5

209 789 460 831 summam,
486 789 596 821 cum
619 789 675 819 ea
700 771 998 828 amitterent,
1025 768 1128 818 sine
1153 767 1472 832 religionibus
1496 785 1592 815 non
1615 767 1830 815 fuerunt.

821 993 1045 1042 CAPUT
1080 991 1262 1041 XXVI.

278 1120 480 1167 meE
516 1119 671 1182 igitur
706 1135 765 1167 ne
801 1115 884 1167 ille
919 1135 1069 1180 regna
1094 1116 1355 1180 dispenset,
1381 1117 1517 1180 cujus
1553 1122 1626 1165 est
1663 1120 1712 1165 et
1749 1116 1879 1164 orbis

211 1203 293 1265 qui
320 1206 568 1264 regnatur,
595 1206 644 1250 et
661 1191 807 1249 homo
829 1201 932 1264 ipse
958 1200 1044 1264 qui
1068 1205 1270 1263 regnat3
1311 1216 1371 1247 ne
1403 1199 1487 1247 ille
1510 1199 1640 1248 vices
1663 1197 1878 1247 domina-

209 1285 400 1333 tionum
423 1283 542 1348 ipsis
565 1283 866 1348 temporibus
894 1283 946 1330 in
971 1283 1157 1331 saeculo
1182 1282 1441 1342 ordinarit,
1470 1282 1556 1345 qui
1591 1286 1705 1330 ante
1738 1298 1879 1330 omne
1899 1306 1950 1334 10

211 1371 402 1429 tempus
443 1365 541 1414 fuit
581 1370 632 1414 et
675 1366 917 1414 saeculum
958 1382 1135 1428 corpus
1176 1369 1455 1428 temporum
1497 1364 1638 1423 fecit;
1694 1381 1755 1412 ne
1796 1358 1880 1411 ille

212 1448 433 1499 civitates
468 1448 671 1496 extollat
706 1453 792 1496 aut
827 1447 1081 1511 deprimat,
1108 1448 1198 1495 sub
1222 1464 1318 1509 quo
1346 1447 1442 1495 fuit
1478 1447 1742 1510 aliquando
1778 1446 1883 1495 sine
1922 1510 1929 1514 .

212 1530 496 1595 civitatibus
532 1547 684 1592 genus
725 1530 989 1578 hominum.
1074 1529 1207 1590 Quid
1242 1530 1451 1578 erratis?
1494 1530 1632 1592 prior
1666 1533 1739 1577 est
1775 1529 1881 1592 qui-

212 1613 416 1662 busdam
434 1612 528 1660 diis
554 1612 653 1661 suis
677 1611 916 1661 silvestris
934 1613 1116 1672 Roma,
1153 1617 1265 1661 ante
1283 1611 1504 1676 regnavit
1523 1629 1669 1676 quam
1687 1616 1881 1659 tantum
1918 1659 1921 1662 .

213 1697 452 1745 ambitum
500 1695 732 1759 Capitolii
778 1700 1064 1742 exstrueret.
1137 1695 1484 1759 Regnaverunt
1531 1699 1581 1742 et
1622 1694 1883 1757 Babylonii
1903 1716 1948 1756 15

214 1783 327 1827 ante
368 1777 634 1842 pontificeS,
677 1781 727 1826 et
768 1777 903 1824 Medi
943 1782 1058 1825 ante
1097 1777 1519 1840 quindecimviros,
1560 1782 1608 1824 et
1649 1775 1885 1840 Aegyptii

214 1865 329 1908 ante
375 1860 546 1917 Salios,
586 1864 635 1907 61
675 1859 868 1921 Assyrii
914 1862 1029 1907 ante
1075 1859 1332 1922 Lupercos,
1370 1863 1420 1906 et
1460 1859 1729 1906 Amazones
1770 1863 1884 1906 ante

214 1942 429 2005 virgines
462 1942 696 1990 Vestales.
766 1941 1036 1999 Postremo,
1075 1941 1117 1989 si
1154 1942 1398 1989 Romanae
1439 1940 1697 2004 religiones
1735 1957 1886 2004 regna

217 2029 480 2089 praestant,
506 2041 769 2087 numquam
802 2029 936 2072 retro
960 2024 991 2070 J
995 2023 1149 2072 udaea
1184 2028 1434 2086 regnasset
1460 2023 1734 2087 despectrix
1760 2040 1884 2071 com-

218 2108 440 2155 munium
477 2106 682 2154 istarum
722 2105 1051 2163 divinitatum,
1095 2108 1234 2168 cujus
1275 2111 1325 2154 et
1372 2106 1531 2153 Deum
1569 2105 1795 2163 victimis,
1834 2110 1884 2152 et
1903 2125 1954 2152 20

220 2252 500 2293 synonymous
519 2239 623 2278 with
644 2239 863 2289 honorare,
882 2241 1128 2290 propitiare,
1149 2240 1282 2279 colere
1294 2256 1310 2285 ;
1343 2252 1411 2279 see
1430 2239 1543 2279 Serv.
1566 2240 1624 2279 ad
1643 2239 1763 2290 Very.
1785 2238 1881 2279 Aen.

219 2302 246 2341 i.
271 2310 374 2353 7043
403 2301 514 2340 Non.
536 2300 668 2339 Marc.
693 2300 756 2350 58.
780 2310 842 2339 21.

281 2374 314 2402 1.
349 2365 444 2402 Sed.
462 2363 544 2408 qui
563 2363 689 2400 nihil
710 2363 936 2401 sentiunt.
996 2361 1136 2412 Comp.
1159 2362 1223 2401 ch.
1245 2372 1306 2401 12.

279 2435 315 2473 3.
345 2428 399 2463 ut
419 2424 749 2469 suggessimus.
805 2422 947 2474 Comp.
969 2422 1034 2462 ch.
1058 2423 1124 2471 18,
1144 2426 1254 2462 note.
1882 2450 1884 2452 v

282 2497 343 2525 11.
376 2486 614 2524 saeculum
641 2495 811 2529 corpus
839 2488 1132 2529 temporum:
1165 2484 1260 2523 ‘the
1288 2497 1433 2524 course
1459 2482 1505 2522 of
1527 2483 1610 2523 this
1637 2484 1783 2531 world,
1809 2484 1884 2523 the

223 2546 508 2585 embodiment
526 2544 571 2583 of
587 2545 712 2583 times
731 2544 816 2583 and
835 2557 998 2584 seasons
1023 2545 1107 2584 and
1125 2543 1302 2584 events.'
1359 2545 1436 2584 See
1455 2548 1569 2594 note,
1589 2545 1653 2586 ch.
1675 2545 1736 2584 18.

283 2619 345 2658 14.
376 2607 608 2645 silvestris
628 2608 790 2645 Roma.
849 2606 921 2658 Op.
946 2606 1070 2658 Verg.
1090 2606 1189 2647 Aen.
1211 2607 1299 2647 viii.
1325 2617 1401 2657 347
1415 2606 1458 2646 ff.

284 2680 346 2720 15.
378 2669 607 2707 ambitum
629 2669 864 2713 Capitolii.
912 2666 1121 2719 Alluding
1140 2671 1185 2707 to
1210 2668 1282 2707 the
1303 2668 1474 2707 earliest
1493 2668 1706 2707 enclosure
1725 2667 1771 2706 of
1785 2668 1884 2707 Tar-

224 2730 393 2782 quinius
412 2729 593 2776 Priscus,
616 2728 745 2767 about
764 2738 844 2768 13.c.
865 2727 956 2767 600.

336 2793 609 2830 exstrueret.
667 2789 756 2828 The
775 2789 898 2829 MSS.
919 2790 978 2829 all
997 2790 1097 2829 read
1115 2792 1401 2830 exstrueretur.

284 2852 348 2893 16.
377 2853 789 2899 quindecimviros.
845 2851 935 2891 The
955 2854 966 2872 ‘
979 2851 1148 2898 fifteen,'
1176 2857 1221 2892 to
1252 2852 1389 2891 whom
1419 2864 1505 2891 was
1538 2851 1782 2891 committed
1812 2852 1885 2891 the

226 2928 320 2955 care
340 2913 385 2953 of
399 2914 473 2953 the
491 2912 697 2965 Sibylline
715 2913 855 2952 books.

287 2986 349 3029 17.
382 2977 547 3014 Salios.
591 2974 679 3013 The
695 2973 797 3013 Salii
812 2987 921 3013 were
940 2987 965 3013 a
985 2974 1141 3026 college
1161 2973 1207 3013 of
1220 2973 1371 3027 priests
1387 2977 1431 3013 at
1447 2974 1579 3013 Rome
1592 2973 1812 3014 dedicated
1830 2975 1887 3027 by·

227 3038 372 3077 Numa
390 3040 435 3076 to
454 3036 527 3075 the
545 3035 702 3075 service
722 3035 767 3074 of
781 3035 920 3083 Mars3
948 3035 1040 3075 Liv.
1061 3036 1090 3074 i.
1115 3046 1177 3075 20.

338 3099 587 3143 Lupercos.
644 3097 733 3136 The
752 3098 904 3148 priests
923 3096 969 3136 of
982 3096 1056 3136 the
1075 3097 1244 3149 Lycean
1263 3095 1366 3135 Pan.

338 3162 611 3198 Amazones.
665 3158 754 3198 The
773 3158 946 3198 warlike
962 3171 1124 3198 women
1142 3157 1188 3197 of
1202 3157 1276 3197 the
1295 3157 1408 3196 river
1427 3157 1701 3199 Thermodon.
1742 3159 1886 3211 Comp.

231 3221 358 3272 Verg.
377 3221 484 3260 Aen.
504 3220 562 3260 xi.
582 3219 676 3272 659.

1036 3297 1078 3334 H
