2124 3554
201 245 454 299 CAP.XX1.]
525 238 784 292 adversus
826 238 1020 292 Gentes
1042 248 1148 307 pro
1193 238 1538 293 Christianis.
1798 249 1863 304 77

201 383 404 431 Duobus
439 383 570 431 enim
604 383 895 432 adventibus
931 386 1033 447 ejus
1069 383 1384 448 significatis:
1433 383 1605 447 primo,
1644 382 1729 446 qui
1763 386 1865 446 jam

200 469 471 529 expunctus
500 470 589 525 est,
613 465 667 513 in
697 465 975 514 humilitate
1012 466 1307 515 condicionis
1335 466 1605 526 humanae;
1642 466 1864 525 secundo,

201 548 286 612 qui
321 548 648 596 concludendo
684 548 872 596 saeculo
907 549 1130 597 imminet
1165 548 1217 595 in
1249 547 1553 596 sublimitate
1590 547 1867 596 divinitatis

199 634 450 678 exsertae:
497 620 709 694 primum
741 647 839 678 non
874 630 1209 694 intelligendo,
1237 631 1514 689 secundum,
1541 648 1684 693 quem
1711 630 1869 678 mani-

201 712 371 760 festius
388 713 727 776 praedicatum
751 717 962 779 sperant2
981 730 1135 760 unum
1159 711 1579 760 existimaverunt.
1639 713 1715 760 Ne
1740 712 1867 760 enim
1886 730 1911 770 5.

200 793 534 857 intelligerent
556 794 832 858 pristinum,
855 794 1091 843 credituri
1115 794 1156 843 si
1179 794 1552 852 intellexissent,
1572 798 1621 842 et
1646 812 1869 843 consecu-

200 875 305 924 turi
339 876 542 923 salutem
579 876 619 925 si
656 877 987 937 credidissent,
1026 877 1258 925 meritum
1292 877 1389 925 fuit
1419 877 1653 926 delictum
1689 895 1870 925 eorum.

201 958 305 1022 Ipsi
327 958 499 1022 legunt
516 959 587 1007 ita
605 959 843 1022 scriptum
867 960 1128 1008 mulctatos
1148 977 1196 1007 se
1215 960 1456 1023 sapientia
1475 966 1524 1008 et
1542 959 1871 1024 intelligentia

202 1046 252 1089 et
275 1041 522 1088 oculorum
547 1047 595 1089 et
619 1042 813 1089 aurium
836 1043 992 1104 fruge.

271 1123 430 1184 Quem
476 1123 632 1187 igitur
684 1124 982 1172 solummodo
1033 1123 1276 1172 hominem
1329 1128 1757 1187 praesumpserant
1810 1124 1869 1173 de
1890 1141 1940 1168 10

203 1205 492 1266 humilitate,
520 1207 811 1269 sequebatur
838 1207 917 1255 uti
947 1224 1145 1270 magum
1175 1207 1492 1255 aestimarent
1524 1208 1584 1255 de
1612 1211 1869 1271 potestate,

203 1304 312 1334 cum
358 1288 442 1336 ille
482 1289 629 1337 verbo
674 1279 928 1336 daemonia
975 1289 1034 1336 de
1081 1288 1361 1337 hominibus
1409 1293 1671 1347 excuteret,
1707 1306 1870 1338 caecos

202 1370 531 1430 reluminaret,
559 1372 769 1434 leprosos
795 1376 1042 1434 purgaret,
1069 1371 1364 1434 paralyticos
1389 1371 1721 1434 restringeret,
1747 1389 1873 1420 mor—-

203 1456 314 1501 tuos
350 1452 556 1516 denique
580 1454 727 1501 verbo
762 1454 987 1501 redderet
1010 1453 1154 1512 vitae,
1181 1453 1420 1501 elementa
1455 1453 1561 1517 ipsa
1595 1454 1870 1513 famularet,

203 1551 507 1597 compescens
541 1536 774 1599 procellas
810 1541 859 1583 et
895 1536 1020 1583 freta
1058 1536 1347 1598 ingrediens,
1385 1537 1641 1584 ostendens
1682 1554 1730 1585 se
1771 1555 1870 1585 esse
1892 1557 1939 1599 15

204 1625 389 1663 ΛΟΓΟΝ
420 1617 527 1678 Dei,
556 1617 609 1665 id
643 1622 718 1666 est
741 1618 958 1667 Verbum
981 1619 1108 1666 illud
1143 1618 1455 1682 primordiale
1478 1618 1869 1682 primogenitum,

263 1830 296 1860 1.
328 1821 411 1866 qui
426 1821 523 1866 jam
542 1824 804 1866 expunctus
823 1823 909 1868 est,
933 1821 945 1840 ‘
961 1819 1097 1860 which
1113 1819 1189 1859 has
1207 1820 1382 1873 already
1396 1820 1502 1861 been
1517 1820 1864 1873 accomplished';

204 1894 272 1921 see
290 1884 405 1930 note,
425 1881 489 1919 ch.
513 1893 548 1919 2.

203 1942 215 1949 “
259 1942 298 1981 8.
325 1944 489 1988 legunt
509 1945 577 1982 ita
597 1945 840 1989 seriptum.
897 1942 1042 1982 Isaiah
1061 1943 1117 1982 vi.
1139 1956 1178 1994 9,
1202 1955 1266 1982 10.

262 2014 324 2041 10.
356 2005 509 2049 Quem
537 2006 685 2051 igitur
712 2007 1020 2045 solummodo.
1079 2005 1203 2044 With
1222 2006 1306 2044 this
1326 2018 1499 2057 passage
1525 2019 1656 2057 comp.
1680 2006 1720 2046 S.
1741 2007 1866 2058 Cypr.

206 2063 258 2102 de
274 2077 370 2104 van.
389 2064 493 2104 idol.
520 2076 583 2115 13.

264 2136 327 2164 11.
353 2138 553 2172 magum,
611 2126 700 2166 The
726 2127 918 2167 miracles
941 2127 988 2166 of
1012 2127 1156 2167 Christ
1180 2141 1287 2167 were
1316 2127 1514 2179 accepted
1540 2141 1586 2167 as
1608 2129 1789 2179 genuine
1813 2128 1869 2180 by

206 2186 392 2225 heathen
419 2192 666 2238 opponente,
693 2201 724 2227 e.
738 2202 780 2240 9.
803 2189 962 2235 Celsus,
984 2189 1099 2241 Orig.
1129 2191 1263 2228 contr.
1302 2189 1408 2228 Cels.
1438 2189 1466 2229 i.
1498 2187 1579 2238 68;
1609 2190 1652 2229 ii.
1683 2201 1761 2240 503
1790 2191 1869 2229 but

207 2261 317 2288 were
335 2248 571 2288 attributed
592 2253 634 2288 to
653 2250 787 2301 magio
805 2263 813 2290 :
843 2263 974 2300 comp.
995 2251 1158 2292 Athan.
1180 2251 1231 2289 de
1250 2252 1284 2289 Ι
1282 2264 1429 2291 marn.
1447 2251 1514 2301 48.

264 2321 326 2350 12.
356 2322 462 2350 cum
491 2312 574 2350 ille
603 2315 748 2351 verbo
772 2342 782 2352 .
805 2342 814 2351 .
836 2343 847 2352 .
868 2316 1121 2351 excuteret.
1180 2313 1222 2352 S.
1244 2313 1372 2352 Matt.
1394 2313 1484 2352 viii.
1510 2311 1574 2362 16,
1598 2316 1609 2335 ‘
1626 2317 1669 2352 et
1694 2313 1868 2365 spiritus

206 2373 336 2412 verbo
353 2370 578 2424 ejiciebat?
633 2372 710 2412 See
738 2374 953 2412 Arnobius
973 2375 999 2412 i.
1023 2385 1071 2424 25
1097 2374 1196 2413 that
1224 2375 1310 2415 this
1338 2376 1754 2415 instantaneousness
1782 2389 1869 2414 was

207 2449 234 2485 a
251 2434 566 2474 characteristic
585 2434 631 2473 of
644 2434 718 2473 the
738 2435 894 2474 Divine
911 2435 1115 2475 miracles.

266 2507 327 2546 13.
356 2498 683 2535 reluminaret:
713 2510 737 2535 a
759 2510 861 2548 very
879 2510 973 2536 rare
995 2498 1121 2538 word.
1178 2498 1413 2538 Tertullian
1432 2511 1526 2537 uses
1546 2500 1582 2537 it
1603 2498 1651 2537 de
1670 2500 1799 2538 anim.
1817 2510 1870 2549 34

206 2559 252 2597 in
271 2559 495 2599 antithesis
515 2563 560 2597 to
581 2571 824 2608 excaecar63
853 2560 938 2599 and
964 2560 1001 2599 it
1020 2574 1159 2600 recurs
1179 2561 1225 2599 in
1244 2574 1269 2600 a
1287 2561 1398 2600 later
1417 2562 1572 2610 writer,
1593 2561 1764 2601 Paulin.
1781 2562 1824 2600 N
1829 2576 1868 2601 o-

207 2621 330 2660 lanus
350 2620 456 2672 Wop.
477 2634 573 2660 xxX.
594 2634 637 2672 4.
1240 2659 1245 2666 ,

314 2685 599 2730 paralyticos
634 2686 954 2731 restringeret.
1024 2685 1114 2724 The
1144 2686 1384 2736 expression
1415 2685 1601 2725 exhibits
1633 2699 1690 2725 an
1720 2699 1871 2738 appro-

206 2745 342 2798 priate
362 2746 563 2786 selection
582 2745 627 2784 of
642 2746 777 2785 words
791 2759 803 2794 ;
832 2744 1257 2797 παραλύωενεεοῐυο,
1279 2747 1325 2787 of
1339 2747 1476 2787 which
1496 2748 1706 2798 restrinyo
1734 2749 1768 2787 is
1798 2749 1870 2788 the

209 2810 329 2846 exact
349 2807 588 2846 antithesis.

266 2879 328 2919 14.
349 2871 581 2908 elementa
596 2870 702 2914 ipsa
717 2870 984 2911 famularet.
1013 2869 1259 2919 Famulare‚
1276 2873 1287 2891 ‘
1300 2874 1344 2909 to
1359 2871 1483 2909 make
1496 2869 1777 2919 serviceable,’
1793 2871 1829 2910 is
1845 2885 1870 2910 a

209 2943 304 2969 rare
330 2930 446 2969 word
479 2930 667 2969 confined
700 2934 745 2969 to
778 2931 867 2969 late
894 2932 1073 2970 writers.
1129 2932 1219 2970 The
1248 2932 1459 2983 deponent
1475 2932 1701 2984 famulari
1729 2946 1870 2972 occurs

207 2992 301 3032 adv.
322 2992 469 3030 Herm.
499 3003 576 3043 293
607 2991 656 3029 de
675 3004 752 3031 res.
779 3004 896 3030 earn.
917 3000 970 3044 47
991 2992 1107 3045 (bis),
1127 2993 1266 3032 where
1282 2994 1503 3045 famulati
1530 2993 1620 3033 Deo
1649 2995 1685 3034 is
1714 2995 1871 3046 quoted

208 3053 317 3092 from
354 3054 428 3093 the
466 3054 584 3105 early
611 3053 786 3092 African
817 3055 982 3093 version
1012 3055 1058 3093 of
1086 3056 1160 3095 the
1188 3055 1245 3094 N.
1276 3056 1339 3106 T„
1370 3055 1446 3095 the
1474 3056 1663 3108 Vulgate
1698 3058 1871 3110 reading

210 3111 451 3167 cervisacti
470 3115 575 3160 Deo,
594 3114 716 3154 Rom.
738 3114 797 3155 vi.
819 3126 882 3153 22.

271 3187 334 3226 15.
361 3179 605 3222 procellas.
662 3176 703 3217 S.
725 3177 855 3215 Mark
875 3177 932 3216 iv,
955 3186 1019 3229 37.

269 3235 328 3276 16.
357 3239 740 3285 primogenitum.
795 3238 1029 3279 Colossians
1048 3240 1077 3279 i.
1097 3250 1158 3290 15.
