2124 3554
244 173 346 229 152
717 165 1069 219 Tertulliani
1088 167 1139 218 A
1142 165 1465 234 polegeticus
1734 145 1852 230 [CAPV.
1873 184 1920 222 L.
1982 186 1988 189 ·

238 307 439 357 tionem.
510 310 654 359 Hanc
680 309 766 374 qui
790 327 957 359 veram
982 328 1010 359 a
1034 310 1140 359 Deo
1166 315 1345 375 sperat,
1372 311 1414 360 si
1436 329 1525 376 pro
1550 312 1655 362 Deo
1684 314 1919 378 patiatur,

238 390 440 440 insanus
464 396 551 441 est.

309 474 407 523 Sed
441 475 531 523 hoc
566 475 712 540 agite,
737 476 855 524 boni
890 475 1151 540 praesides,
1176 476 1398 526 meliores
1430 478 1587 526 multo
1616 478 1748 542 apud
1773 495 1920 543 popu-

239 558 356 617 lum,
395 559 438 608 si
473 559 572 608 illis
609 559 918 609 Christianos
955 560 1341 610 immolaveritis.
1413 561 1655 620 Cruciate‚
1680 565 1921 625 torquete,

199 654 222 694 5
240 642 482 701 damnate,
509 643 711 691 atterite
735 661 824 692 nos
843 662 854 692 ε
893 644 1119 708 probatio
1143 648 1219 693 est
1242 644 1373 692 enim
1401 645 1706 694 innocentiae
1729 651 1923 694 nostrae

237 724 478 789 iniquitas
502 730 680 774 vestra.
751 726 870 775 Ideo
895 744 982 775 nos
1006 727 1124 776 haec
1154 728 1261 791 pati
1285 729 1420 777 Deus
1445 728 1649 792 patitur.
1721 729 1851 777 Nam
1874 733 1925 777 et

238 809 474 873 proxime,
501 810 564 858 ad.
594 810 818 858 lenonem
843 810 1119 859 damnando
1145 811 1477 861 Christianam
1504 813 1668 876 potius
1692 830 1839 876 quam
1862 812 1925 861 ad

238 893 440 953 leonem,
467 893 673 942 confessi
697 893 815 942 estis
850 894 1009 942 labem
1044 895 1311 958 pudicitiae
1348 896 1480 959 apud
1515 912 1602 944 nos
1638 896 1927 945 atrociorem

240 976 374 1024 omni
409 993 566 1040 poena
600 982 649 1025 et
679 977 811 1025 omni
846 982 1004 1026 morte
1039 978 1273 1042 reputari.
1346 979 1452 1027 Nec
1478 979 1738 1043 quicquam
1760 982 1927 1027 tamen

174 1075 224 1103 10
240 1058 434 1122 proficit
469 1060 763 1124 exquisitior
798 1078 1017 1125 quaeque
1054 1062 1321 1111 crudelitas
1354 1068 1547 1111 vestra:
1586 1061 1817 1111 illecebra
1851 1066 1926 1110 est

240 1143 395 1206 magis
433 1148 607 1193 sectae.
677 1145 849 1194 Plures
888 1146 1136 1206 efficimur,
1172 1145 1399 1210 quotiens
1434 1145 1666 1194 metimur
1701 1165 1730 1195 a
1758 1146 1927 1195 vobis:
1987 1151 1989 1153 ’

241 1242 404 1275 semen
451 1231 527 1275 est
574 1228 774 1291 sanguis
824 1227 1235 1277 Christianorum.
1332 1229 1486 1277 Multi
1530 1229 1663 1294 apud
1720 1246 1806 1278 vos
1863 1229 1927 1277 ad

239 1310 557 1358 tolerantiam
593 1310 774 1359 doloris
810 1316 860 1359 et
896 1312 1070 1360 mortis
1105 1312 1386 1371 hortantur,
1420 1318 1477 1360 ut
1515 1311 1687 1360 Cicero
1721 1311 1776 1359 in
1804 1311 1925 1360 Tus-

241 1392 444 1452 culanis,
470 1398 530 1442 ut
568 1393 750 1443 Seneca
784 1393 838 1441 in
870 1394 1125 1454 Fortuitis,
1152 1401 1209 1443 ut
1238 1395 1499 1458 Diogenes,
1525 1399 1583 1443 ut
1608 1394 1844 1458 Pyrrhon,
1870 1399 1928 1443 ut

178 1488 223 1528 15
244 1475 525 1525 Callinicus.
596 1477 702 1525 Nec
740 1480 903 1525 tamen
945 1482 1111 1526 tantos
1154 1478 1416 1527 inveniunt
1456 1479 1606 1526 verba
1648 1477 1926 1542 discipulos,

243 1564 456 1623 quantos
476 1559 748 1609 Christiani
774 1560 918 1609 factis
939 1560 1166 1609 docendo.
1227 1561 1324 1609 Illa
1347 1562 1456 1626 ipsa
1480 1561 1763 1622 obstinatio,
1782 1567 1930 1625 quam

242 1642 563 1707 exprobratis,
605 1643 842 1707 magistra
876 1647 972 1692 est.
1046 1643 1170 1704 Quis
1214 1643 1345 1692 enim
1382 1661 1481 1692 non
1519 1643 1929 1708 contemplatione

243 1725 348 1790 ejus
372 1726 653 1775 concutitur
677 1727 739 1775 ad
770 1726 1133 1790 requirendum,
1162 1726 1283 1791 quid
1310 1726 1446 1775 intus
1476 1727 1529 1774 in
1551 1744 1604 1775 re
1635 1726 1734 1775 sit‘l
1805 1726 1928 1789 Quis

245 1826 356 1870 non,
401 1810 488 1858 ubi
534 1809 807 1874 requisivit,
846 1810 1046 1869 accedit,
1086 1810 1174 1857 ubi
1221 1809 1437 1868 accessit,
1478 1810 1585 1874 pati
1623 1814 1834 1873 exoptat,
1870 1815 1929 1858 ut

246 1960 439 2005 statues3
470 1970 601 2009 comp.
636 1956 741 1996 Hor.
773 1956 912 1996 Oarm.
936 1956 993 1996 iv.
1019 1958 1057 1998 8.
1082 1967 1160 2007 13;
1199 1967 1262 2008 14.
1295 1969 1349 2008 4;
1387 1956 1500 1996 Plin.
1520 1971 1644 1997 xxxv.
1682 1969 1701 1996 2
1727 1970 1737 2006 3
1771 1956 1926 1997 Euseb.

247 2019 316 2060 vit.
349 2019 490 2059 Oonst.
515 2020 542 2059 i.
570 2031 604 2059 2.

305 2093 341 2132 3.
375 2085 465 2122 hoc
485 2084 626 2129 agite.
689 2080 767 2121 See
788 2084 900 2131 note,
925 2080 989 2121 ch.
1013 2091 1077 2131 30.

306 2156 368 2185 11.
403 2147 575 2184 Plures
604 2146 861 2184 efficimur:
890 2148 900 2165 ‘
915 2143 996 2182 We
1026 2142 1172 2195 spring
1192 2156 1249 2195 up
1268 2143 1313 2182 in
1332 2146 1500 2195 greater
1519 2142 1719 2183 numbers
1745 2156 1792 2183 as
1814 2142 1932 2183 often

248 2219 294 2247 as
314 2221 378 2247 we
397 2220 469 2246 are
488 2206 653 2246 mowed
674 2206 800 2246 down
818 2206 876 2257 by
896 2218 980 2257 you
993 2202 1005 2221 '
1020 2217 1030 2253 ;
1061 2218 1191 2256 comp.
1213 2205 1271 2244 ad
1294 2204 1419 2258 Scap.
1439 2216 1475 2257 5.

308 2281 369 2309 12.
405 2281 567 2309 semen
601 2273 674 2308 est
707 2269 902 2315 sanguis
939 2268 1332 2307 Christianorum.
1394 2267 1536 2320 Oomp.
1579 2267 1654 2307 the
1692 2267 1931 2320 expression

249 2332 497 2385 sanquinem
527 2330 829 2372 Christianum
858 2329 1187 2379 seminaverunt,
1216 2328 1281 2369 ch.
1319 2341 1382 2370 21.
1444 2330 1489 2370 It
1508 2343 1595 2370 was
1623 2330 1698 2370 the
1727 2329 1933 2370 steadfast

248 2395 490 2435 endurance
510 2394 556 2434 of
571 2394 645 2434 the
667 2393 906 2433 Christians
933 2392 1069 2432 under
1087 2392 1354 2444 persecution
1382 2393 1479 2433 that
1504 2392 1577 2433 led
1604 2397 1649 2433 to
1667 2394 1741 2433 the
1760 2406 1931 2433 conver-

248 2458 340 2498 sion
359 2457 406 2498 of
421 2471 552 2510 many
571 2456 678 2506 who,
699 2456 788 2495 like
807 2456 838 2495 J
841 2455 958 2495 ustin
978 2454 1151 2507 Martyr
1172 2468 1219 2494 or
1237 2454 1466 2505 Arnobius,
1490 2469 1601 2496 were
1627 2455 1861 2509 compelled
1886 2459 1932 2495 to

247 2520 465 2572 recognize
493 2519 567 2559 the
597 2519 809 2558 existence
839 2517 884 2557 of
913 2531 939 2557 a
967 2517 1126 2556 Divine
1155 2517 1277 2556 truth
1310 2518 1395 2558 and
1425 2531 1565 2570 power
1593 2517 1827 2571 upholdin'g
1859 2518 1932 2557 the

249 2587 434 2635 martyrs
454 2583 501 2621 in
524 2582 639 2621 their
659 2580 904 2621 confession.
965 2581 1083 2620 Just.
1110 2579 1242 2619 Mart.
1266 2579 1391 2632 Apol.
1417 2581 1445 2621 i.
1469 2581 1507 2625 8,
1530 2591 1603 2626 11;
1633 2579 1740 2621 dial.
1764 2593 1799 2621 e.
1828 2580 1929 2633 Try.

255 2656 356 2690 110;
390 2646 573 2697 August.
599 2643 647 2683 de
675 2645 753 2683 civ.
783 2642 869 2682 Dei
893 2642 1011 2682 xviii.
1038 2651 1115 2692 53;
1150 2641 1251 2681 xxii.
1280 2641 1320 2692 6,
1345 2650 1382 2695 7,
1404 2655 1457 2695 93
1494 2642 1622 2683 Serm.
1655 2642 1755 2682 xxii.
1779 2643 1828 2682 in
1852 2641 1927 2682 Ps.

250 2708 369 2747 lxvii.
391 2719 443 2758 3;
470 2706 601 2747 Serm.
622 2706 666 2746 ii.
690 2705 739 2745 in
759 2705 835 2745 Ps.
854 2705 939 2745 lxx.
959 2718 969 2753 ;
999 2703 1085 2744 Leo
1104 2703 1234 2744 Serm.
1263 2715 1281 2743 1
1305 2705 1352 2744 in
1378 2707 1469 2745 nat.
1492 2703 1572 2745 Ss.
1596 2705 1692 2744 Pet.
1717 2708 1756 2744 et
1775 2703 1931 2749 Paul.;

251 2770 365 2823 Orig.
400 2772 532 2811 contr.
568 2768 672 2810 Cels.
703 2769 759 2808 iv.
794 2778 871 2818 32;
910 2767 959 2806 de
980 2765 1123 2819 prino.
1156 2766 1212 2806 iv,
1248 2778 1296 2816 15
1333 2767 1452 2808 Lact.
1484 2781 1524 2807 v.
1560 2778 1623 2820 19,
1656 2778 1731 2818 23;
1760 2766 1926 2807 Tatian.

258 2833 379 2872 Orat.
409 2843 471 2884 29.
534 2831 613 2871 See
631 2831 707 2871 the
727 2828 1044 2875 Introduction,
1065 2841 1106 2880 p.
1125 2828 1213 2867 xiii.

311 2906 372 2945 13.
407 2897 460 2934 in
481 2895 765 2934 Tusculanis
785 2906 794 2932 :
824 2892 895 2930 ‘in
914 2890 980 2930 his
999 2890 1211 2930 Tusculan
1231 2887 1557 2943 Disputations.’

311 2967 371 3008 14.
396 2959 450 2996 in
465 2958 704 2996 Fortuitis
725 2969 735 2995 z
763 2956 775 2975 ‘
789 2954 837 2993 in
851 2953 919 2994 his
935 2953 1052 2993 work
1069 2954 1093 2974 ‘⁶
1108 2965 1163 2991 on
1178 2951 1367 2994 Chances
1381 2951 1405 2971 ''
1418 2951 1430 2970 '
1444 2966 1454 3002 3
1474 2952 1549 2993 the
1564 2951 1744 3005 original
1759 2951 1931 2992 treatise

251 3019 287 3058 is
309 3032 363 3058 no
383 3020 531 3071 longer
551 3022 712 3059 extant.

312 3092 372 3133 15.
402 3087 563 3123 tantos
583 3112 593 3122 .
619 3112 629 3122 .
654 3112 663 3122 .
685 3084 903 3128 quantos.
964 3078 1042 3118 See
1061 3082 1173 3126 note,
1196 3077 1260 3118 ch.
1289 3089 1324 3119 1.

312 3144 374 3184 16.
407 3146 548 3184 factis
570 3146 786 3184 docendo
805 3157 815 3181 ε
847 3142 927 3195 ‘by
946 3141 1059 3181 their
1076 3140 1278 3192 practical
1298 3138 1582 3182 instruction]

363 3209 636 3248 obstinatio.
698 3205 777 3246 See
792 3208 904 3251 note,
923 3203 986 3243 ch.
1015 3209 1077 3253 27.
