2124 3554
240 199 306 267 78
708 202 1046 257 Tertulliani
1079 204 1131 256 A
1126 204 1454 274 pologetz'cus
1659 214 1779 268 [Cn.
1798 218 1918 260 XXI.

234 344 437 394 Virtute
460 351 510 395 et
535 347 748 397 Ratione
773 348 1075 410 comitatum,
1096 355 1146 398 et
1170 348 1364 413 Spiritu
1377 349 1578 410 fultum,
1594 351 1817 400 eumdem
1833 351 1921 416 qui

232 428 383 477 verbo
425 429 603 490 omnia,
646 435 697 479 et
738 431 931 492 faceret,
976 437 1026 480 et
1067 431 1275 480 fecisset.
1363 431 1447 480 Ad
1489 432 1760 482 doctrinam
1800 451 1919 483 vero

233 514 350 576 ejus,
376 530 473 576 qua
496 513 874 563 revincebantur
897 514 1123 578 magistri
1146 514 1484 580 primoresque
1508 515 1541 564 J
1544 516 1822 577 udaeorum‚
1847 517 1921 566 ita

232 596 660 660 exasperabantur,
708 596 920 645 maxime
975 597 1106 661 quod
1159 598 1223 647 ad
1273 615 1386 646 eum
1432 598 1606 661 ingens
1650 599 1920 648 multitudo

193 696 216 736 5
233 678 532 739 deflecteret,
557 683 616 727 ut
647 684 895 743 postremo
930 680 1152 729 oblatum
1184 680 1361 730 Pontio
1394 681 1556 731 Pilato
1581 681 1775 747 Syriam
1798 687 1920 733 tunc

233 779 295 810 ex
347 767 490 825 parte
545 762 765 811 Romana
816 763 1120 827 procuranti,
1175 764 1414 814 violentia
1466 765 1812 830 suffragiorum
1865 766 1921 814 in

233 861 426 894 crucem
482 844 596 893 dedi
651 845 745 893 sibi
804 847 1111 897 extorserint.
1209 847 1533 898 Praedixerat
1586 854 1638 899 et
1687 849 1793 914 ipse
1847 849 1922 898 ita

232 928 460 977 facturos.
533 929 717 977 Parum
749 928 853 984 hoc,
880 930 922 978 si
946 947 1043 978 non
1067 935 1118 979 et
1141 931 1411 995 prophetae
1439 936 1587 981 retro.
1656 932 1726 981 Et
1754 937 1922 982 tamen

233 1010 434 1059 suffixus
470 1010 702 1075 spiritum
737 1029 846 1060 cum
875 1013 1025 1061 verbo
1061 1018 1234 1077 sponte
1271 1014 1475 1075 dimisit,
1512 1019 1780 1079 praevento
1814 1032 1922 1064 car-

170 1110 220 1137 10
234 1093 391 1143 nificis
414 1095 582 1143 officio.
643 1095 828 1143 Eodem
851 1101 1097 1145 momento
1122 1097 1239 1157 dies,
1259 1097 1476 1147 medium
1500 1100 1667 1148 orbem
1691 1099 1922 1164 signante

231 1178 345 1238 sole,
382 1178 624 1227 subducta
664 1183 754 1227 est.
821 1179 1131 1243 ·Deliquium
1171 1181 1344 1246 utique
1384 1187 1702 1246 putaverunt,
1740 1182 1829 1247 qui
1868 1182 1924 1231 id

233 1279 425 1326 quoque
466 1279 614 1326 super
657 1261 856 1311 Christo
896 1263 1234 1327 praedicatum
1275 1283 1373 1313 non
1410 1265 1656 1326 scierunt;
1707 1263 1922 1334 [ratione

231 1362 331 1393 non
362 1345 674 1409 deprehensa,
705 1353 1009 1410 negaverunt
1028 1344 1065 1414 3]
1114 1351 1163 1396 et
1198 1354 1365 1397 tamen
1400 1366 1514 1397 eum
1549 1348 1723 1397 mundi
1758 1366 1923 1398 casum

166 1438 168 1440 ’
231 1429 444 1478 relatum
466 1429 520 1477 in
553 1428 768 1478 archivis
792 1429 968 1479 vestris
992 1430 1196 1480 habetis.
1268 1432 1408 1481 Tunc
1437 1433 1469 1480 J
1474 1432 1620 1481 udaei
1644 1433 1923 1481 detractum

168 1535 214 1575 15
233 1516 284 1561 et
308 1513 535 1576 sepulcro
568 1512 821 1561 conditum
852 1529 1031 1578 magna
1063 1513 1215 1563 etiam
1245 1515 1481 1564 militaris
1517 1516 1772 1565 custodiae
1808 1515 1924 1564 dili-

290 1685 328 1724 3.
356 1675 588 1721 magistri.
647 1673 690 1715 S.
711 1674 832 1715 John
851 1675 913 1714 iii.
942 1687 1005 1716 10.

289 1735 329 1776 6.
359 1739 660 1783 procuranti:
691 1737 736 1775 in
756 1738 813 1778 its
833 1738 1044 1779 technical
1065 1752 1197 1789 sense,
1223 1742 1235 1762 ‘
1249 1740 1377 1794 being
1396 1740 1693 1794 procurator'3
1724 1755 1770 1783 so
1789 1742 1921 1796 Vulg.

237 1799 359 1839 Luke
378 1799 438 1838 iii.
465 1810 500 1848 1,
523 1801 533 1820 ‘
548 1803 805 1851 procurante
825 1801 981 1841 Pontio
1001 1801 1143 1842 Pilato
1162 1802 1406 1844 Judaeam.’

346 1863 681 1908 suffragiorum
701 1876 710 1903 z
750 1863 944 1916 alluding
978 1868 1025 1904 to
1061 1864 1136 1905 the
1173 1865 1317 1906 choice
1349 1865 1396 1906 of
1427 1866 1502 1907 the
1539 1867 1690 1919 people
1727 1867 1920 1907 between

238 1924 455 1980 Barabbas
476 1924 561 1964 and
581 1925 751 1966 Christ:
782 1929 1044 1967 extorserint
1071 1928 1109 1968 is
1131 1928 1227 1968 well
1254 1929 1442 1981 justified
1461 1929 1520 1982 by
1538 1929 1581 1971 S.
1602 1927 1756 1970 Luke's
1774 1943 1922 1970 narra—

237 1989 326 2030 tive
345 1988 461 2028 xxiii.
489 1999 542 2026 20
562 1988 605 2028 ff.

294 2060 331 2104 7.
363 2054 674 2092 Praedixerat
693 2057 742 2092 et
762 2054 878 2100 ipse.
937 2053 978 2094 S.
1001 2054 1133 2095 Matt.
1154 2055 1240 2095 xvi.
1264 2066 1311 2094 21
1331 2068 1343 2106 ;
1372 2055 1413 2096 S.
1436 2055 1570 2097 Mark
1588 2057 1678 2097 viii.
1701 2066 1768 2108 31,
1789 2061 1864 2098 etc.

294 2115 331 2154 8.
366 2116 540 2154 Parum
561 2116 668 2161 hoc,
690 2117 747 2156 si.
810 2115 937 2156 ‘This
966 2116 1106 2169 might
1133 2117 1187 2158 be
1215 2131 1241 2157 a
1269 2119 1401 2171 slight
1428 2119 1552 2171 point
1580 2123 1626 2159 to
1653 2133 1756 2172 urge
1783 2119 1822 2159 if
1846 2118 1923 2160 the

237 2177 436 2230 prophets
457 2208 467 2217 .
491 2209 501 2218 .
521 2176 550 2218 .'
579 2178 649 2219 Pe.
680 2179 781 2218 xxii.
816 2180 951 2228 1—183
982 2180 1081 2221 Isai.
1114 2181 1180 2221 liii
1197 2194 1208 2232 ;
1237 2181 1324 2224 lxv.
1364 2194 1401 2234 2,
1432 2185 1508 2224 eto.
1566 2183 1710 2236 Gomp.
1743 2182 1820 2224 the
1850 2196 1922 2224 ex·-

237 2240 427 2293 pression
444 2239 581 2280 below
601 2242 612 2261 ‘
627 2240 820 2281 Multum
840 2245 916 2290 est,
938 2241 973 2281 si
995 2274 1004 2284 .
1029 2273 1038 2282 .
1062 2241 1087 2283 .'

293 2316 332 2357 9.
364 2308 620 2352 praevento
641 2307 878 2345 carnificis
900 2308 1065 2347 officio.
1124 2306 1165 2347 S.
1186 2306 1307 2348 John
1324 2307 1409 2348 xix,
1436 2318 1503 2359 33.

299 2378 361 2408 11.
393 2369 673 2415 Deliquium
695 2398 704 2407 .
726 2398 736 2408 .
757 2399 767 2408 .
789 2371 1130 2414 praedicatum.
1186 2370 1320 2410 Amos
1349 2370 1438 2410 viii.
1459 2383 1513 2423 9;
1543 2384 1676 2424 comp.
1697 2370 1794 2412 adv.
1814 2370 1921 2412 Jud.

243 2442 306 2480 10,
329 2430 473 2469 ‘Nam
491 2429 605 2481 quod
631 2429 678 2469 in
706 2430 902 2482 passione
930 2432 1022 2484 ejus
1050 2432 1221 2482 accidit,
1250 2437 1300 2473 ut
1328 2433 1470 2474 media
1488 2433 1578 2474 dies
1597 2434 1923 2484 tenebresceret,

237 2494 371 2532 Amos
390 2492 596 2544 propheta
616 2492 872 2533 adnuntiat.'
929 2494 1076 2547 Comp.
1095 2495 1126 2535 J
1131 2509 1187 2536 er.
1208 2495 1253 2536 ii.
1278 2507 1343 2536 12.

297 2566 360 2596 12.
393 2554 596 2607 [ratione
627 2585 637 2594 .
671 2585 680 2595 .
714 2584 723 2593 .
752 2555 1096 2609 negaverunt]:
1125 2557 1263 2598 added
1283 2559 1329 2598 111
1347 2558 1448 2600 Cod.
1469 2558 1592 2598 Fuld.
1613 2558 1726 2611 only.

289 2620 511 2689 2545'.(.¹'⁰¹?⁴ss
590 2671 593 2673 Β
613 2618 666 2657 111
684 2620 906 2658 archivis.
936 2618 1039 2659 This
1051 2620 1088 2659 is
1107 2619 1181 2660 the
1201 2625 1297 2661 true
1316 2621 1518 2674 reading3
1547 2623 1725 2662 arcanis
1734 2620 1772 2661 is
1790 2619 1923 2660 found

238 2675 316 2719 in*
348 2676 360 2689 ‘
506 2673 534 2689 ””
600 2675 738 2730 '(God.
754 2681 902 2732 Fuld.)
919 2695 928 2722 :
949 2682 1133 2722 relatum
1147 2683 1184 2723 is
1198 2684 1273 2724 the
1285 2684 1499 2724 technical
1513 2683 1630 2724 word
1640 2683 1706 2724 for
1724 2687 1736 2705 ‘
1746 2683 1923 2735 making

238 2756 293 2782 an
306 2743 460 2782 official
478 2740 655 2791 return,’
678 2745 689 2764 ‘
705 2742 960 2796 registering
978 2744 1025 2784 in
1044 2758 1101 2784 an
1121 2745 1276 2786 official
1295 2746 1462 2799 report’
1481 2760 1492 2795 ;
1520 2759 1653 2798 comp.
1674 2746 1822 2786 Cicero
1833 2758 1921 2797 pro

238 2804 368 2846 Sulla
402 2815 465 2856 15,
485 2815 552 2856 42.
611 2805 853 2845 Tertullian
884 2806 1112 2847 elsewhere
1141 2808 1315 2860 appeals
1344 2813 1389 2848 to
1418 2808 1572 2849 official
1602 2807 1847 2848 documenta
1875 2807 1922 2847 in

239 2866 534 2907 confirmation
563 2867 609 2907 of
632 2867 699 2907 his
729 2872 997 2919 statements‚
1026 2869 1125 2911 adv.
1156 2870 1296 2912 Marc.
1327 2871 1386 2912 iv.
1417 2879 1454 2923 7,
1475 2873 1487 2892 ‘
1502 2870 1555 2910 de
1582 2882 1710 2909 censu
1739 2869 1921 2921 denique

239 2929 442 2981 Augusti,
480 2942 607 2981 quem
645 2934 800 2970 testem
830 2931 1122 2971 fidelissimum
1160 2932 1408 2973 Dominicae
1446 2931 1690 2984 nativitatis
1728 2930 1922 2970 Romana

238 2991 412 3031 archiva
444 2990 741 3032 custodiunt‘ss'
798 2993 873 3045 Cp.
903 2997 1005 3034 note
1034 3007 1089 3034 on
1117 2995 1311 3045 archiva,
1341 2995 1408 3035 ch.
1443 3005 1505 3046 19.
1563 2994 1619 3034 In
1647 2993 1724 3034 the
1751 2997 1922 3045 present

239 3066 414 3105 passage
442 3053 516 3093 the
545 3053 758 3094 reference
787 3055 822 3094 is
851 3059 964 3095 most
985 3056 1193 3109 probably
1213 3060 1257 3096 to
1284 3055 1360 3097 the
1389 3056 1543 3096 official
1570 3060 1713 3108 report
1741 3058 1835 3095 sent
1863 3054 1923 3107 by

240 3115 398 3165 Pilate,
419 3129 552 3167 comp.
577 3116 728 3166 below,
750 3119 760 3138 ‘
778 3117 947 3157 Tiberio
966 3116 1214 3159 nuntiavit.’
1244 3118 1414 3159 Gibbon
1434 3118 1497 3169 (ii.
1520 3118 1636 3170 194),
1654 3121 1921 3157 unwarrant-

242 3177 343 3229 ably
361 3176 599 3230 preferring
627 3179 819 3227 areanis,
841 3179 1026 3220 believes
1045 3180 1287 3221 Tertullian
1314 3185 1360 3220 to
1379 3180 1530 3232 appeal
1549 3184 1596 3220 to
1615 3180 1692 3220 the
1712 3179 1921 3233 Sibylline

241 3252 394 3290 verses,
414 3239 554 3280 which
583 3241 745 3294 merely
763 3241 995 3294 reproduce
1023 3242 1098 3283 the
1126 3242 1282 3296 Gospel
1310 3243 1541 3283 narrative.
