2124 3554
277 202 303 265 ¹1
317 188 385 242 26
759 189 1094 243 Tertulliani
1128 190 1180 240 A
1175 190 1503 258 pologetz'cus
1723 201 1844 253 [CAP.
1869 205 1957 247 XL.

276 349 361 381 suo
385 336 551 382 monte
574 333 794 397 perfudit
818 333 963 397 ignis.
1033 334 1189 382 Nemo
1215 334 1371 382 adhuc
1396 334 1578 383 Romae
1605 335 1763 385 Deum
1788 354 1958 387 verum

273 416 521 475 adorabat,
539 433 649 465 cum
672 416 928 465 Hannibal
952 417 1085 480 apud
1106 417 1297 465 Cannas
1317 418 1563 466 Romanos
1587 419 1770 479 anulos,
1788 421 1957 469 caedes

273 516 398 559 suaS,
425 499 588 548 modio
622 499 933 549 metiebatur.
1006 501 1187 548 Omnes
1212 500 1284 548 dii
1306 499 1460 549 vestri
1483 501 1546 550 ab
1578 502 1806 551 omnibus
1830 503 1956 551 cole-

271 582 466 642 bantur,
507 599 619 631 cum
654 582 815 647 ipsum
852 582 1152 647 Capitolium
1196 583 1409 632 Senones
1447 591 1816 648 occupaverunt.
1887 587 1958 634 Et

232 683 253 722 5
271 666 408 724 bene,
447 666 580 729 quod
617 666 660 714 si
696 667 817 730 quid
857 662 1051 715 adversi
1088 665 1266 715 accidit
1302 665 1523 726 urbibus,
1561 668 1755 716 eaedem
1795 668 1956 718 clades

270 749 566 813 templorum
592 766 715 812 quae
739 754 788 798 et
812 749 1058 798 moenium
1083 750 1286 798 fuerunt
1300 766 1313 809 ς
1353 755 1410 798 ut
1436 752 1541 812 jam
1572 749 1661 798 hoc
1694 750 1954 811 revincam,

270 849 369 881 non
405 850 433 880 a
470 833 573 880 deis
609 832 819 892 evenire,
859 832 976 897 quia
1011 837 1062 881 et
1098 832 1221 896 ipsis
1257 833 1435 882 evenit.
1508 832 1709 898 Semper
1743 834 1955 883 humana

269 933 388 979 gens
424 915 549 964 male
579 916 638 964 de
663 917 768 964 Deo
804 916 1013 965 meruit:
1053 916 1210 979 primo
1236 916 1431 980 quidem
1462 919 1521 966 ut
1549 916 1810 966 inofficiosa
1835 920 1952 981 ejus,

269 1016 415 1063 quem
454 1017 565 1047 cum
601 998 908 1063 intelligeret
947 1017 1008 1048 ex
1043 1006 1196 1063 parte,
1234 1017 1332 1047 non
1368 999 1529 1048 solum
1564 1017 1660 1048 non
1694 1000 1956 1064 requisivit

203 1103 253 1131 10
267 1083 550 1143 timendum,
578 1082 664 1132 sed
687 1088 738 1132 et
762 1083 883 1132 alios
913 1082 1007 1132 sibi
1031 1083 1177 1131 citius
1204 1087 1474 1132 commenta
1498 1087 1573 1132 est
1597 1100 1719 1147 quos
1744 1083 1951 1143 coleret;

267 1166 443 1215 dehinc
479 1167 611 1231 quod
646 1184 742 1215 non
777 1167 1071 1231 inquirendo
1104 1167 1408 1216 innocentiae
1443 1167 1749 1231 magistrum,
1786 1171 1837 1216 et
1871 1185 1954 1217 no-

268 1250 455 1299 centiae
486 1250 703 1313 judicem
738 1256 787 1299 et
823 1254 1116 1310 exactorem,
1152 1251 1380 1299 omnibus
1403 1250 1542 1300 vitiis
1578 1255 1629 1300 et
1666 1251 1953 1300 criminibus

266 1334 485 1384 inolevit.
576 1334 807 1383 Ceterum
851 1335 893 1383 si
935 1334 1233 1398 requisisset,
1279 1332 1602 1402 [sequeretur,
1647 1332 1729 1402 ut]
1773 1352 1951 1400 cogno-

267 1422 423 1466 sceret
447 1422 498 1466 et
522 1421 890 1481 recognosceret
914 1418 1221 1482 requisitum,
1249 1422 1298 1466 et
1322 1417 1627 1481 recognitum
1652 1418 1948 1478 observaret,

201 1517 248 1558 15
267 1506 317 1550 et
358 1501 673 1550 observatum
708 1501 865 1565 magis
903 1501 1179 1566 propitium
1214 1501 1526 1566 experiretur
1563 1518 1710 1565 quam
1749 1502 1950 1552 iratum.

266 1585 493 1633 Eundem
541 1602 660 1648 ergo
707 1602 839 1633 nunc
886 1602 1080 1650 quoque
1122 1585 1246 1634 scire
1288 1585 1435 1634 debet
1480 1586 1677 1646 iratum,
1715 1603 1860 1650 quem
1901 1590 1952 1636 et

266 1672 399 1717 retro
448 1685 651 1732 semper,
696 1669 980 1732 priusquam
1024 1667 1299 1718 Christiani
1339 1668 1723 1718 nominarentur.
1796 1669 1950 1732 Cuius

268 1750 672 1800 bonisutebatur
703 1755 816 1800 ante
842 1751 1001 1811 editis,
1029 1769 1175 1816 quam
1205 1751 1318 1801 deos
1352 1751 1447 1800 sibi
1478 1751 1703 1816 fingeret,
1730 1770 1818 1800 cur
1852 1770 1951 1801 non

265 1835 328 1882 ab
370 1852 426 1883 eo
469 1835 619 1883 etiam
665 1835 794 1883 mala
835 1834 1069 1898 intelligit
1108 1835 1318 1894 evenire,
1363 1835 1501 1899 cujus
1541 1835 1669 1884 bona
1710 1852 1811 1884 esse
1853 1852 1962 1884 non⁴

198 1941 250 1969 20
265 1918 449 1967 sensit?
521 1918 665 1966 Illius
690 1935 774 1966 rea
803 1923 891 1978 est,
921 1920 1060 1981 cujus
1086 1923 1137 1967 et
1160 1918 1371 1982 ingrata.

333 2002 404 2050 Et
441 2005 608 2049 tamen
651 2001 693 2049 si
731 2000 971 2065 pristinas
1009 2001 1169 2050 clades
1206 2018 1555 2065 comparemus,
1591 2001 1778 2049 leviora
1820 2018 1949 2050 nunc

262 2084 506 2145 accidunt,
543 2102 605 2133 ex
640 2101 736 2148 quo
781 2083 1092 2132 Christianos
1128 2102 1172 2133 av
1194 2085 1301 2133 Deo
1337 2083 1471 2132 orbis
1505 2084 1708 2148 accepit.
1780 2084 1858 2131 Ex
1892 2100 1950 2133 eo

262 2167 393 2217 enim
423 2172 474 2217 et
509 2167 786 2217 innocentia
819 2168 997 2216 saeculi
1032 2167 1324 2232 iniquitates
1353 2167 1664 2231 temperavit,
1692 2172 1744 2216 et
1775 2167 1949 2231 depre-

260 2257 449 2300 catores
495 2251 589 2300 Dei
637 2268 738 2299 esse
792 2256 1073 2315 coeperunt.
1158 2251 1383 2315 Denique
1431 2268 1541 2299 cum
1588 2252 1650 2299 ab
1709 2250 1973 2306 imbribus>

195 2360 243 2400 25
260 2336 445 2384 aestiva
468 2335 674 2383 hiberna
700 2335 1010 2399 suspendunt
1034 2338 1085 2383 et
1109 2352 1266 2384 annus
1290 2335 1343 2382 in
1368 2351 1486 2382 cura
1510 2338 1598 2394 est,
1622 2351 1708 2383 vos
1733 2334 1947 2398 quidem,

261 2418 481 2482 quotidie
522 2418 653 2482 pasti
694 2418 958 2482 statimque
1005 2417 1247 2482 pransuri,
1291 2418 1479 2466 balneis
1526 2421 1577 2465 et
1616 2417 1850 2481 cauponis
1897 2421 1948 2466 et

259 2501 580 2566 lupanaribus
623 2500 828 2565 operati,
873 2500 1108 2564 aquilicia
1151 2501 1183 2548 J
1188 2500 1269 2549 ovi
1310 2500 1589 2559 immolatis,
1630 2487 1948 2564 nudipedalia

318 2682 356 2721 4.
388 2671 452 2708 Et
471 2672 605 2718 bene,
626 2671 755 2715 quod.
774 2669 829 2707 si.
886 2666 1015 2706 ‘And
1033 2667 1069 2708 it
1089 2667 1125 2707 is
1146 2681 1171 2707 a
1189 2668 1309 2720 point
1327 2671 1398 2708 too
1416 2667 1463 2707 in
1482 2682 1559 2708 our
1577 2667 1738 2717 favour,
1759 2667 1798 2707 if
1814 2699 1824 2708 .
1848 2698 1858 2708 .
1881 2667 1904 2707 .’

319 2742 357 2783 5.
388 2734 581 2771 eaedem
600 2733 758 2771 clades
777 2732 1065 2776 templorum
1083 2743 1093 2770 z
1123 2743 1256 2782 comp.
1277 2730 1423 2780 above,
1445 2730 1508 2770 ch.
1533 2741 1596 2782 25.

321 2795 358 2834 8.
389 2795 651 2834 inofficiosa
670 2795 785 2841 ejus,
810 2797 820 2814 ⁴
838 2792 1059 2832 undutiful
1078 2795 1124 2832 to
1145 2792 1250 2832 Him
1267 2794 1297 2833 ’t
1329 2807 1374 2833 so
1394 2793 1439 2832 in
1459 2794 1626 2846 Digest.
1646 2791 1801 2832 xxxvii.
1826 2803 1887 2841 14.
1909 2804 1945 2842 1,

265 2856 470 2896 ‘libertus
489 2856 742 2896 inofficiosus
762 2854 969 2907 patrono.’
1026 2855 1170 2906 Comp.
1192 2868 1247 2894 on
1267 2854 1355 2895 this
1374 2868 1551 2908 passage
1570 2855 1692 2895 Rom.
1713 2855 1743 2896 i.
1769 2866 1832 2895 21.

323 2929 388 2958 12.
418 2922 697 2965 exactorem,
721 2920 732 2939 ‘
745 2914 1000 2970 Avenger’3
1029 2921 1105 2957 not
1123 2930 1169 2957 as
1194 2916 1244 2957 de
1269 2921 1398 2970 spect.
1420 2930 1457 2967 2,
1479 2920 1489 2940 ‘
1506 2918 1598 2958 One
1617 2916 1711 2957 who
1729 2915 1945 2968 requires,'

263 2980 531 3019 innocentiae
549 2982 735 3020 exactor.

322 3052 386 3090 23.
417 3043 756 3090 deprecatores,
781 3042 793 3062 ‘
806 3037 1123 3090 intercessors';
1153 3054 1221 3081 see
1243 3044 1356 3091 note,
1377 3040 1442 3082 ch.
1470 3052 1505 3080 1.

323 3111 387 3154 27.
417 3104 654 3151 aquilicia,
681 3106 693 3125 ‘
707 3103 914 3143 sacrifices
932 3103 998 3142 for
1015 3101 1138 3143 rain.'

373 3167 695 3215 nudipedalia,
745 3169 756 3188 ‘
771 3166 932 3206 solemn
979 3166 1234 3217 processione
1280 3163 1550 3214 barefooted,’
1591 3164 1857 3205 undertaken
1896 3165 1943 3204 in

263 3225 387 3266 times
417 3226 464 3266 of
487 3227 670 3280 drought
698 3231 743 3268 to
770 3240 947 3281 procure
976 3227 1081 3267 rain.
1140 3228 1284 3280 Comp.
1313 3229 1366 3269 de
1378 3227 1527 3281 jejun.
1560 3226 1624 3275 16,
1654 3233 1664 3249 ‘
1682 3241 1778 3268 cum
1797 3232 1942 3280 stupet
