2124 3554
306 197 377 251 94
631 186 634 187 ⁷
779 185 1112 240 Tertulliani
1147 187 1199 239 A
1192 187 1524 256 polegetz‘cus
1713 198 1834 251 [CAP.
1856 202 1991 244 XXV.
2074 164 2081 168 ἱ

302 325 622 391 Archigallus
658 328 743 378 ille
780 330 1130 391 sanctissimus,
1167 331 1246 380 die
1281 348 1410 380 nono
1443 332 1786 382 Kalendarum
1814 350 1990 383 earun-

302 409 426 470 dem,
447 428 544 474 quo
561 412 850 476 sanguinem
869 412 1133 477 impurum,
1150 413 1357 462 lacertos
1377 431 1570 478 quoque
1591 417 1847 465 castrando
1866 418 1991 466 liba-

300 494 401 553 bat,
428 511 518 558 pro
544 495 702 544 salute
726 496 1036 560 imperatoris
1062 495 1220 544 Marci
1238 497 1342 560 jam
1378 497 1642 562 intercepti
1666 499 1813 548 solita
1835 517 1990 564 aeque

300 576 507 640 imperia
541 578 807 627 mandavit.
880 580 923 628 O
959 579 1159 628 nuntios
1194 580 1374 640 tardos,
1396 581 1990 648 Quiculosamdiplo-

261 685 284 727 5
292 664 462 718 mata,
487 677 698 724 quorum
732 661 854 710 vitio
889 679 1140 711 excessum
1175 663 1488 728 imperatoris
1524 681 1622 713 non
1657 669 1770 715 ante
1806 666 1990 731 Cybele

301 743 545 807 cognovit,
596 761 658 792 ne
709 744 852 794 deam
897 745 1048 795 talem
1094 745 1314 795 riderent
1363 746 1648 796 Christiani.
1735 748 1832 798 Sed
1889 767 1990 798 non

299 828 471 876 statim
513 832 563 877 et
600 829 802 892 Jupiter
838 830 1037 880 Cretam
1080 848 1220 879 suam
1262 831 1497 881 Romanis
1539 832 1751 883 fascibus
1794 835 1990 884 concuti

299 910 491 970 sineret,
536 911 718 960 oblitus
759 918 960 962 antrum
1001 913 1129 962 illud
1170 914 1388 975 Idaeum,
1429 920 1481 964 et
1521 933 1634 965 aera
1676 916 1989 981 Corybantia,

299 999 349 1042 et
380 995 793 1057 jucundissimum
828 996 931 1045 illic
969 997 1180 1046 nutricis
1217 1016 1334 1047 suae
1371 999 1583 1049 odorem.
1653 1000 1831 1050 Nonne
1855 1001 1990 1050 omni

232 1099 283 1129 10
301 1077 547 1141 Capitolio
584 1080 831 1128 tumulum
865 1081 1010 1129 illum
1045 1099 1188 1130 suum
1223 1083 1602 1147 praeposuisset,
1637 1087 1697 1132 ut
1733 1102 1789 1133 ea
1823 1086 1990 1149 potius

297 1161 406 1210 orbi
446 1166 583 1212 terra
628 1165 961 1228 praecelleret,
1004 1182 1129 1229 quae
1178 1165 1361 1215 cineres
1408 1166 1441 1214 J
1446 1166 1550 1215 ovis
1591 1167 1753 1216 texit?
1823 1168 1989 1217 Vellet

297 1245 329 1291 J
333 1262 430 1294 uno
463 1246 698 1295 Punicam
732 1249 903 1297 urbem
937 1248 1219 1313 posthabita
1256 1249 1400 1298 Samo
1438 1249 1671 1299 dilectam
1702 1251 1765 1300 ab
1798 1250 1988 1301 Aenea-

296 1328 470 1377 darum
494 1329 668 1394 utique
691 1348 869 1395 genere
895 1332 1084 1381 deleri?
1157 1332 1300 1394 Quod
1326 1332 1369 1380 si

1208 1429 1294 1469 Hic
1322 1429 1439 1469 illius
1468 1443 1600 1481 arma,

230 1503 279 1545 15
518 1489 604 1530 Hic
634 1503 780 1531 currus
810 1489 908 1538 fuit,
937 1491 1015 1531 hoc
1044 1505 1224 1544 regnum
1252 1492 1333 1532 dea
1361 1493 1563 1544 gentibus
1593 1507 1697 1543 esse,

517 1552 563 1592 Si
591 1566 677 1605 qua
706 1553 796 1593 fata
825 1553 985 1604 sinant,
1012 1554 1102 1607 jam
1130 1558 1223 1594 tum
1252 1554 1481 1607 tenditque
1509 1555 1723 1608 fovetque.

296 1641 478 1690 Misera
512 1643 599 1692 illa
632 1646 844 1707 conjunx
867 1645 906 1695 J
907 1645 1011 1695 ovis
1046 1650 1098 1695 et
1125 1662 1260 1696 soror
1291 1646 1527 1696 adversus
1559 1648 1664 1696 fata
1698 1665 1796 1696 non
1828 1647 1987 1698 valuit

294 1725 467 1789 Plane:
823 1756 935 1796 Fato
963 1760 1050 1797 stat
1079 1757 1258 1809 Jupiter
1276 1756 1378 1810 ipse.
1452 1813 1455 1815 ‚

229 1882 280 1912 20
297 1857 399 1906 Nec
423 1863 623 1907 tantum
653 1862 818 1906 tamen
853 1854 1053 1904 honoris
1086 1856 1294 1904 Romani
1330 1856 1622 1905 dicaverunt
1657 1856 1772 1905 fatis
1804 1857 1987 1907 deden-

294 1940 429 1989 tibus
495 1941 591 1990 sibi
653 1939 1003 2003 Carthaginem
1063 1938 1297 1987 adversus
1355 1938 1657 1988 destinatum
1715 1944 1983 2005 votumque

293 2023 326 2071 J
330 2024 520 2084 unonis,
548 2029 790 2088 quantum
812 2021 1247 2086 prostitutissimae
1271 2022 1418 2086 lupae
1442 2022 1753 2071 Larentinae.

362 2108 533 2156 Plures
569 2108 681 2156 deos
715 2110 902 2156 vestros
937 2122 1164 2170 regnasse
1204 2108 1396 2154 certum
1435 2110 1523 2154 est.
1598 2105 1765 2170 Igitur
1795 2104 1838 2155 si
1870 2122 1984 2155 con-

352 2239 387 2269 1.
418 2229 737 2275 Archigallus.
796 2225 887 2266 The
906 2224 1161 2277 arch-priest
1181 2223 1228 2264 of
1242 2224 1414 2277 Cybele.

351 2302 387 2330 2.
416 2293 621 2331 lacertos
643 2302 843 2338 quoque.
901 2289 980 2329 See
999 2291 1135 2338 notes,
1157 2287 1222 2329 ch.
1243 2301 1283 2342 9,
1307 2299 1326 2326 2
1333 2300 1383 2339 33
1412 2300 1545 2340 comp.
1567 2299 1584 2327 1
1605 2287 1747 2340 Kings
1765 2288 1865 2328 xvii.
1890 2288 1954 2328 28.

349 2366 387 2405 5.
416 2366 661 2394 excessum
681 2353 995 2399 imperatoris.
1055 2351 1134 2391 See
1153 2354 1270 2401 note,
1291 2349 1357 2392 ch.
1381 2362 1445 2391 22.

349 2417 388 2457 8.
419 2421 611 2456 antrum
631 2419 844 2456 Idaeum.
900 2414 991 2455 The
1020 2413 1184 2454 Idaean
1212 2427 1316 2454 cave
1344 2414 1391 2453 in
1419 2413 1558 2459 Crete,
1578 2412 1720 2453 where
1748 2411 1822 2453 the
1844 2412 1984 2453 infant

296 2480 475 2531 Jupiter
504 2492 590 2519 was
621 2478 783 2518 hidden
813 2478 922 2518 from
955 2477 1128 2525 Satura,
1159 2475 1349 2529 guarded
1380 2476 1438 2527 by
1467 2475 1542 2515 the
1575 2474 1765 2524 Curetes,
1794 2474 1880 2515 and
1912 2474 1984 2514 fed

296 2542 354 2594 by
373 2541 448 2581 the
468 2540 667 2581 she-wolf
683 2540 944 2580 Amalthaea
964 2541 1134 2591 (nutrix
1153 2539 1264 2590 sua).
1313 2537 1424 2578 Ovid
1443 2537 1552 2578 Met.
1573 2535 1632 2577 iv.
1657 2538 1735 2589 289
1753 2537 1797 2577 ff.
1814 2549 1825 2586 ;
1852 2536 1984 2590 Verg.

296 2605 398 2646 Aen.
418 2605 492 2646 vii.
515 2615 562 2655 13
595 2635 604 2644 .

407 2681 516 2708 aera
546 2616 844 2715 090rybantia.
917 2666 1007 2707 The
1041 2665 1195 2706 brazen
1224 2663 1415 2717 cymbals
1445 2663 1493 2703 of
1517 2664 1592 2704 the
1625 2663 1902 2715 Corybantes,
1934 2676 1983 2702 or

210 2773 213 2777 ,
294 2732 573 2784 worshippers
602 2730 648 2770 of
672 2731 844 2783 Cybele,
869 2730 970 2770 here
998 2727 1219 2769 identified
1246 2726 1354 2767 with
1381 2726 1457 2767 the
1485 2727 1677 2774 CureteS,
1698 2726 1771 2765 the
1801 2725 1981 2778 original

294 2794 561 2834 inhabitants
585 2793 632 2833 of
645 2794 787 2843 Crete,
806 2793 902 2834 who
921 2806 1033 2833 were
1053 2792 1249 2831 devotees
1272 2790 1318 2830 of
1331 2790 1428 2830 that
1447 2789 1639 2842 goddess.
1688 2788 1830 2840 Comp.
1848 2788 1979 2840 Verg.

293 2858 403 2896 Aen.
424 2856 484 2896 iii.
509 2866 582 2896 111
602 2855 646 2896 ff.

354 2931 415 2970 14.
447 2921 540 2958 Hic
559 2920 692 2957 illius
713 2929 856 2958 arma.
913 2917 1043 2968 Verg.
1065 2915 1166 2955 Aen.
1189 2915 1217 2954 i.
1244 2913 1308 2954 16.

352 2992 415 3034 19.
448 2985 570 3022 Fato
603 2985 698 3021 stat
727 2981 921 3028 Jupiter
953 2983 1068 3027 ipse.
1127 2979 1272 3031 Comp.
1296 2976 1457 3035 Herod.
1488 2977 1515 3016 i.
1546 2987 1625 3029 913
1653 2974 1807 3015 Aesch.
1829 2974 1978 3014 Prom.

327 3045 402 3093 183
430 3043 549 3083 Lact.
570 3043 614 3083 ii.
640 3053 657 3081 1
693 3075 702 3084 .
887 3073 892 3078 .

296 3054 318 3094 5
352 3117 418 3156 23.
447 3108 616 3145 Plures
645 3052 759 3145 (17603
789 3109 984 3145 vestros.
1049 3102 1211 3155 ‘Many
1238 3102 1285 3142 of
1313 3114 1421 3154 your
1449 3099 1583 3153 gods:
1602 3111 1698 3152 says
1724 3096 1976 3146 Tei-tullian,

298 3167 530 3219 ‘certainly
557 3166 731 3218 reigned
759 3180 814 3206 on
843 3166 979 3206 earth.
1037 3164 1083 3204 If
1109 3164 1212 3217 they
1230 3177 1326 3204 now
1348 3175 1511 3216 possess
1538 3161 1613 3202 the
1642 3174 1783 3213 power
1812 3159 1859 3199 of
1882 3173 1977 3199 con-

293 3229 455 3282 ferring
483 3229 653 3281 empire,
687 3228 798 3268 from
826 3229 967 3269 whom
995 3226 1070 3267 did
1097 3226 1202 3279 they
1230 3225 1396 3266 receive
1424 3222 1695 3276 sovereignty
1721 3221 1847 3262 when
1873 3219 1979 3274 they
