2124 3554
255 236 355 275 Cu.
375 231 613 283 XXXV11.]
704 221 965 274 adversus
1008 219 1201 273 Gentes
1223 228 1330 287 pro
1371 219 1715 273 Christianis.
1821 230 1921 286 115

255 365 387 425 vitis,
423 365 604 428 partim
644 365 819 413 animis
854 363 1081 428 propriis,
1117 363 1300 426 partim
1334 362 1525 426 legibus
1567 364 1921 426 obsequentes?

256 447 490 507 Quotiens
514 448 663 496 etiam
680 446 958 511 praeteritis
975 446 1114 494 vobis
1139 462 1224 494 suo
1238 448 1348 508 jure
1368 462 1454 493 nos
1473 445 1726 494 inimicum
1744 447 1927 508 vulgus·

254 528 442 578 invadit
483 530 727 593 lapidibus
767 534 818 585 et
857 527 1127 576 incendiis?
1196 527 1328 592 Ipsis
1364 527 1742 576 Bacchanalium
1776 528 1921 577 furiis

254 627 342 658 nec
370 612 580 660 mortuis⁴
603 616 811 676 parcunt
834 609 1140 669 Christianis,
1167 610 1289 673 quin
1323 610 1432 658 illos
1469 611 1529 659 de
1556 611 1724 673 requie
1761 610 1919 673 sepul-

253 696 407 752 turae,
446 694 505 743 de
552 695 682 757 asylo
723 693 931 757 quodam
978 691 1162 750 mortis,
1197 694 1299 754 jam
1337 692 1470 752 alios,
1503 692 1606 756 jam
1653 709 1741 740 nec
1787 695 1920 740 totos
1938 711 1960 751 5

210 833 213 834 ⁷
254 776 484 835 avellant,
512 776 764 836 dissecent,
798 774 1087 823 distrahant.
1158 774 1291 835 Quid
1327 779 1492 823 tamen
1524 792 1742 838 unquam
1775 775 1919 822 deno-

252 859 394 907 tastis
423 860 482 908 de
517 864 620 908 tam
643 858 944 923 conspiratis,
970 858 1029 905 de
1063 863 1164 905 tam
1199 857 1424 905 animatis
1449 859 1510 906 ad
1535 864 1743 907 mortem
1767 874 1919 921 usque

253 958 342 1005 pro
365 941 544 1005 injuria
572 946 897 1006 repensatum,
924 940 1115 1003 quando
1140 940 1219 988 vel
1248 957 1347 988 una
1379 957 1476 987 nox
1505 940 1725 1004 pauculis
1748 940 1920 988 faculis

252 1023 458 1086 largiter
503 1023 703 1072 ultionis
749 1028 910 1087 posset
951 1022 1157 1085 operari,
1205 1022 1247 1069 si
1289 1023 1475 1070 malum
1515 1024 1644 1070 malo
1690 1022 1920 1086 dispungi

253 1123 399 1169 penes
423 1123 510 1155 nos
532 1106 698 1154 liceret
717 1107 735 1154 2
805 1105 901 1155 Sed
926 1104 1064 1164 absit,
1089 1109 1147 1152 ut
1172 1109 1259 1153 aut
1283 1104 1386 1168 igni
1408 1105 1621 1152 humano
1639 1105 1921 1154 vindicetur
1940 1121 1990 1149 10

253 1189 421 1237 divina
456 1193 625 1261 sectaq,
667 1193 755 1237 aut
795 1188 955 1236 doleat
989 1186 1107 1250 pati,
1148 1187 1202 1234 in
1238 1204 1334 1250 quo
1376 1189 1626 1251 probatur.
1698 1187 1753 1236 Si
1790 1186 1920 1235 enim

253 1271 414 1319 hostes
437 1277 665 1330 exsertos,
692 1288 787 1318 non
811 1274 1007 1318 tantum
1030 1269 1247 1318 vindices
1272 1271 1483 1319 occultos
1509 1287 1652 1333 agere
1671 1270 1919 1326 vellemus,

253 1354 439 1403 deesset
462 1354 600 1402 nobis
622 1353 697 1402 vis
719 1369 1031 1401 numerorum
1055 1356 1105 1401 et
1130 1352 1411 1416 copiarum‘l
1494 1353 1665 1401 Plures
1689 1352 1922 1399 nimirum

253 1435 416 1484 Mauri
462 1441 512 1484 et
558 1434 891 1484 Marcomanni
930 1434 1121 1498 ipsique
1160 1435 1347 1494 Parthi,
1391 1435 1469 1483 vel
1516 1439 1920 1498 quantaecunque

252 1518 398 1566 unius
420 1522 583 1565 tamen
605 1517 702 1565 loci
725 1522 774 1566 et
799 1533 995 1565 suorum
1017 1516 1190 1564 finium
1214 1522 1399 1580 gentes,
1427 1534 1573 1580 quam
1597 1516 1750 1565 totius
1776 1516 1918 1564 orbis.
1942 1540 1988 1580 15

252 1587 491 1649 Hesterni
525 1616 689 1648 sumus
724 1605 773 1647 et
796 1603 958 1648 vestra
992 1599 1153 1647 omnia
1187 1599 1508 1662 implevimus,
1532 1599 1694 1658 urbes,
1720 1599 1919 1656 insulas,

252 1683 462 1739 castella,
489 1681 767 1745 municipia,
793 1681 1127 1741 conciliabula,
1149 1687 1308 1730 castra
1332 1681 1450 1744 ipsa,
1479 1681 1655 1739 tribus,
1680 1681 1919 1743 decurias,

251 1764 501 1826 palatium,
545 1769 782 1823 senatum,
821 1765 1012 1823 forum;
1073 1764 1174 1812 sola
1211 1763 1349 1812 vobis
1389 1763 1678 1827 reliquimus
1719 1765 1917 1827 templa.

251 1846 507 1895 Possumus
548 1845 855 1894 dinumerare
896 1846 1140 1895 exercitus
1176 1851 1393 1895 vestros:
1442 1845 1589 1894 unius
1635 1847 1916 1909 provinciae

310 1999 344 2026 2.
372 1988 641 2033 praeteritis
660 1987 823 2026 vobis:
854 1987 884 2026 i.
899 2000 931 2026 e.
956 1987 1133 2027 without
1150 2000 1256 2039 your
1273 1988 1521 2039 permission
1539 2000 1587 2026 or
1606 1987 1865 2040 instigation.

306 2061 344 2100 4.
374 2052 433 2087 de
460 2051 621 2094 requie
650 2050 919 2094 sepulturae
950 2079 959 2086 .
993 2080 1001 2088 .
1035 2081 1044 2089 .
1076 2052 1371 2090 distrahant:
1402 2063 1471 2090 see
1499 2049 1652 2090 Euseb.
1676 2050 1736 2089 H.
1761 2050 1808 2088 Ε.
1830 2064 1868 2089 v.
1896 2063 1911 2088 1

253 2110 402 2163 adfin.

308 2186 346 2225 9.
374 2174 549 2212 malum
568 2174 692 2211 malo
713 2173 936 2218 dispungi
957 2185 965 2212 :
998 2185 1065 2211 see
1085 2177 1199 2221 note,
1219 2172 1285 2212 ch.
1310 2173 1372 2213 18.

311 2244 375 2273 12.
405 2236 565 2272 hostes
584 2237 793 2272 exsertos
812 2261 823 2272 .
847 2262 858 2272 .
884 2262 893 2270 .
914 2245 1076 2279 agere:
1105 2247 1173 2273 see
1191 2238 1305 2283 note,
1327 2235 1390 2274 ch.
1419 2245 1481 2274 10.

312 2305 375 2346 14.
405 2296 575 2333 Mauri.
635 2293 899 2332 Mauritania
921 2294 1005 2333 had
1030 2295 1138 2334 been
1165 2296 1423 2335 constituted
1455 2309 1481 2334 a
1511 2296 1677 2335 Roman
1705 2297 1913 2348 province,

254 2355 339 2395 and
358 2355 529 2395 divided
546 2355 639 2394 into
656 2358 741 2394 two
760 2354 947 2394 districts
966 2355 1024 2408 by
1042 2355 1256 2405 Claudius,
1278 2367 1319 2395 A.
1336 2367 1378 2395 D.
1398 2368 1464 2407 42.

363 2419 541 2455 Parthi.
599 2416 666 2456 On
687 2416 761 2455 the
787 2416 992 2456 Parthian
1018 2430 1159 2468 power
1186 2418 1270 2457 and
1295 2419 1351 2458 its
1375 2418 1536 2469 rivalry
1555 2417 1661 2457 with
1684 2418 1820 2458 Rome
1848 2431 1916 2457 see

252 2478 450 2519 Gibbon
437 2491 465 2517 1.
489 2489 567 2528 340
585 2478 656 2527 ff.;
684 2478 816 2517 Tacit.
836 2477 945 2517 Αηη.
966 2479 1037 2518 xii.
1064 2491 1125 2519 10.
1182 2479 1259 2518 See
1273 2479 1348 2519 the
1364 2479 1675 2528 Introduction,
1691 2493 1796 2531 page
1814 2480 1913 2519 xvii.

311 2539 374 2580 16.
404 2542 630 2579 Hesterni
658 2552 819 2579 sumus
847 2544 922 2579 et:
953 2553 1023 2580 see
1051 2544 1162 2589 note,
1184 2541 1248 2580 ch.
1274 2552 1322 2590 13
1351 2541 1437 2582 and
1459 2542 1524 2581 for
1550 2542 1626 2581 the
1652 2541 1764 2582 force
1791 2542 1837 2581 of
1861 2548 1914 2592 et,

253 2608 367 2654 note,
395 2603 461 2643 ch.
487 2613 523 2643 2.

369 2667 522 2712 urbes,
553 2665 746 2710 insulas,
777 2664 970 2704 castella
991 2695 1000 2704 .
1023 2695 1032 2704 .
1055 2696 1063 2704 .
1085 2667 1253 2706 forum.
1309 2665 1446 2705 There
1474 2665 1512 2706 is
1545 2678 1659 2705 some
1695 2679 1914 2718 exaggera-

251 2727 346 2766 tion
364 2726 410 2764 in
427 2725 500 2765 the
530 2725 837 2765 accumulation
866 2726 911 2764 of
934 2726 1054 2766 these
1083 2727 1312 2767 rhetorical
1342 2727 1506 2768 details.
1561 2728 1651 2767 The
1680 2718 1913 2768 Christ'ians

253 2787 377 2828 could
395 2791 470 2826 not
488 2787 542 2826 be
555 2787 646 2826 said
666 2789 676 2808 ‘
690 2791 735 2826 to
753 2787 816 2826 ffll
831 2786 841 2804 ’
864 2787 937 2827 the
957 2790 968 2809 ‘
985 2786 1134 2840 camp‚'
1154 2789 1250 2829 ‘the
1269 2788 1442 2840 palace‚'
1468 2803 1515 2828 or
1535 2793 1547 2811 ‘
1560 2789 1635 2829 the
1655 2788 1826 2831 senate?
1869 2791 1913 2829 It

252 2851 288 2890 is
316 2862 421 2901 very
448 2849 738 2901 questionable
765 2849 955 2889 whether
983 2854 1030 2890 at
1057 2851 1132 2890 the
1165 2851 1248 2890 end
1277 2851 1323 2890 of
1349 2851 1424 2891 the
1455 2851 1600 2891 fourth
1631 2855 1810 2905 century
1840 2853 1914 2892 the

252 2911 469 2951 Christian
487 2915 674 2955 senators
692 2924 802 2950 were
819 2914 896 2950 not
915 2911 960 2950 in
979 2912 1054 2951 the
1072 2913 1294 2964 minority:
1324 2926 1394 2953 see
1405 2913 1573 2953 Gibbon
1591 2913 1650 2953 iii.
1671 2926 1752 2966 409
1767 2927 1777 2963 ;
1807 2915 1912 2954 Pru-

254 2972 370 3012 dent.
391 2977 518 3012 contr.
542 2972 699 3024 Symm.
724 2971 753 3011 i.
775 2982 852 3023 545
874 2972 945 3021 ff.;
975 2972 1016 3012 S.
1037 2973 1232 3013 Ambros.
1253 2973 1373 3026 Epp.
1399 2982 1460 3026 17,
1484 2975 1546 3015 18.

312 3042 373 3085 17.
406 3035 611 3080 castella,
634 3038 643 3053 ‘
660 3031 889 3085 villages’3
918 3046 986 3073 see
1006 3038 1119 3082 note,
1139 3034 1203 3074 ch.
1232 3046 1267 3076 1.

313 3095 375 3135 18.
403 3096 503 3134 sola
520 3097 658 3134 vobis
677 3097 951 3141 reliquimus
971 3099 1173 3142 templa:
1204 3109 1272 3136 see
1290 3096 1354 3137 ch.
1383 3108 1447 3148 15.

312 3167 374 3208 19.
404 3157 659 3195 Possumus
685 3186 694 3195 .
715 3185 725 3195 .
746 3187 755 3196 .
778 3160 928 3196 erunt.
985 3157 1088 3197 This
1127 3161 1323 3198 sentence
1351 3158 1387 3198 is
1420 3159 1551 3199 found
1580 3159 1625 3199 in
1655 3159 1755 3200 Ood.
1785 3159 1910 3199 Fuld.

255 3218 354 3271 only
371 3231 381 3258 ε
412 3217 656 3259 Christiani
675 3222 788 3258 must
806 3218 858 3259 be
879 3219 1069 3271 supplied
1087 3219 1194 3260 with
1213 3224 1348 3261 erunt.

1067 3302 1150 3342 12
