2124 3554
175 245 276 284 cn.
296 241 330 279 v
336 237 388 291 1.]
498 231 756 285 adversus
798 231 992 285 Gentes
1015 240 1121 300 pro
1165 230 1513 286 Christianis.
1776 245 1842 298 23

839 520 1063 570 CAPUT
1097 520 1193 572 VI.

246 653 399 701 NUNC
446 651 800 717 religiosissimi
846 653 1009 716 legum
1048 656 1100 701 et
1146 657 1460 716 paternorum
1505 652 1848 702 institutorum

178 739 476 800 protectores
521 739 572 783 et
619 736 830 784 cultores
876 734 1202 798 respondeant
1240 734 1389 783 velim
1430 734 1490 783 de
1531 751 1619 783 sua
1664 735 1757 783 fide
1799 739 1849 782 et

179 817 358 866 honore
393 820 442 865 et
477 817 707 881 obsequio
738 834 853 882 erga
886 818 1124 879 majorum
1157 817 1393 875 consulta,
1419 816 1462 864 si
1485 833 1514 865 a
1538 817 1674 866 nullo
1698 817 1849 865 desci-

179 903 372 959 verunt,
397 898 438 948 si
462 899 516 946 in
540 900 675 947 nullo
698 899 1112 958 exorbitaverunt,
1137 898 1179 947 si
1207 915 1306 946 non
1330 898 1602 948 necessaria
1625 905 1675 948 et
1697 899 1848 963 aptis—
1867 922 1889 962 5

180 981 302 1031 sima
359 997 575 1044 quaeque
622 980 904 1044 disciplinae
951 979 1373 1029 oblitteraverunt.
1459 981 1686 1042 Quonam
1737 981 1850 1029 illae

178 1064 307 1128 leges
341 1063 570 1112 abierunt
605 1068 852 1126 sumptum
887 1068 936 1111 et
971 1062 1285 1112 ambitionem
1310 1064 1694 1127 comprimentes,
1725 1081 1851 1127 quae

183 1151 380 1194 centum
410 1162 523 1194 aera
557 1162 655 1193 non
688 1144 897 1208 amplius
928 1143 982 1191 in
1013 1161 1181 1193 cenam
1214 1144 1454 1193 subscribi
1484 1146 1737 1208 jubebant,
1764 1162 1851 1193 nec

183 1227 392 1291 amplius
417 1245 564 1291 quam
586 1243 737 1276 unam
759 1226 932 1275 inferri
954 1227 1200 1291 gallinam,
1221 1231 1271 1275 et
1293 1245 1400 1275 eam
1422 1245 1520 1275 non
1544 1228 1819 1292 saginatam
1837 1245 1851 1286 3

184 1327 309 1373 quae
344 1309 620 1373 patricium,
663 1308 794 1372 quod
828 1309 993 1356 decem
1032 1309 1194 1372 pondo
1228 1309 1424 1372 argenti
1464 1309 1727 1369 habuisset,
1764 1326 1853 1373 pro
1874 1332 1923 1359 10

185 1407 361 1455 magno
384 1391 533 1440 titulo
557 1389 837 1439 ambitionis
870 1394 1042 1439 senatu
1076 1391 1473 1450 summovebant;
1511 1409 1637 1456 quae
1661 1391 1856 1441 theatra

186 1473 469 1537 stuprandis
491 1473 706 1521 moribus
730 1472 941 1521 orientia
970 1470 1140 1521 statim
1162 1473 1481 1521 destruebant
1494 1490 1508 1534 ;
1547 1491 1670 1537 quae
1694 1474 1855 1537 digni-

184 1559 348 1604 tatum
392 1559 444 1617 et
489 1555 804 1604 honestorum
850 1554 1091 1603 natalium
1136 1554 1351 1619 insignia
1392 1572 1491 1604 non
1532 1559 1728 1612 temere,
1771 1573 1858 1603 nec

185 1636 383 1701 impune
435 1636 661 1701 usurpari
718 1636 980 1685 sinebant‘l
1063 1637 1220 1685 Video
1272 1637 1402 1685 enim
1449 1641 1499 1685 et
1556 1638 1858 1687 centenarias

186 1735 341 1778 cenaS,
367 1736 396 1767 a
419 1718 635 1768 centenis
654 1720 755 1782 jam
780 1718 1015 1767 sestertiis
1048 1718 1289 1777 dicendas,
1328 1723 1378 1767 et
1402 1718 1456 1766 in
1480 1720 1640 1769 lances
1665 1719 1860 1784 (parum
1880 1739 1926 1781 15

185 1805 261 1851 est
286 1798 461 1869 [enim]
489 1801 531 1850 si
553 1805 833 1850 senatorum
859 1805 908 1849 et
931 1817 1032 1849 non
1054 1800 1400 1849 libertinorum
1423 1802 1501 1850 vel
1525 1802 1683 1851 adhuc
1707 1802 1862 1865 flagra

244 1943 282 1985 5.
310 1934 710 1973 exorbitaverunt.
773 1931 994 1972 Orbita=‘
1006 1945 1032 1971 a
1050 1931 1273 1972 wheel-rut
1288 1930 1323 1981 ’ς
1361 1932 1644 1972 exorbitare:
1658 1937 1726 1974 ‘to
1746 1938 1863 1984 stray

187 1994 295 2034 from
319 1994 393 2034 the
422 1993 588 2034 defined
618 1991 751 2046 path,'
771 1995 843 2034 ‘to
872 1991 1067 2034 deviate.'
1123 1994 1213 2033 The
1242 1994 1359 2034 word
1391 2008 1531 2034 recurs
1559 1995 1623 2034 ch.
1645 2007 1686 2047 9,
1711 1994 1775 2045 16,
1798 2006 1864 2033 20.

189 2057 332 2109 Comp.
358 2055 498 2095 Sidon.
518 2056 707 2108 Apollin.
727 2055 840 2108 Epp.
868 2056 958 2096 viii.
983 2067 1046 2106 11,
1067 2058 1079 2078 ‘
1092 2069 1118 2096 a
1135 2056 1366 2096 catholicae
1388 2057 1488 2096 fidei
1514 2058 1672 2110 regulis
1699 2059 1863 2097 exorbi-

189 2116 330 2167 tare’3
370 2118 454 2157 and
484 2118 600 2159 Tert.
630 2118 726 2158 adv.
762 2118 903 2158 Marc.
935 2118 995 2158 iii.
1028 2129 1077 2167 23
1120 2119 1172 2158 de
1195 2118 1383 2169 pudicit.
1414 2120 1454 2168 8,
1492 2121 1539 2159 ‘a
1571 2133 1671 2159 vero
1703 2120 1864 2161 lumine

191 2177 460 2221 exorbitant.’

251 2248 286 2292 7.
314 2244 442 2288 leges
461 2243 682 2281 abierunt
700 2246 939 2288 sumptum
958 2245 1005 2281 et
1025 2243 1335 2281 ambitionem
1355 2244 1734 2289 comprimentes.
1776 2244 1864 2284 The

196 2302 267 2342 old
295 2307 540 2354 sumptuary
569 2303 674 2342 laws
704 2302 791 2353 (lex
818 2302 1008 2350 Fwnnia,
1039 2302 1100 2342 lex
1130 2302 1330 2352 Licinia)
1359 2315 1470 2342 were
1501 2304 1645 2355 partly
1670 2305 1866 2356 repealed

193 2362 280 2404 and
307 2363 447 2416 partly
466 2363 709 2402 re-enacted
735 2363 794 2415 by
811 2363 1058 2415 Augustum
1087 2362 1258 2403 Sueton.
1287 2363 1431 2403 Oetav.
1460 2374 1526 2415 34,
1549 2365 1687 2416 ‘leges
1710 2369 1867 2405 retrac-

193 2426 320 2475 tavit,
345 2430 388 2466 et
412 2426 615 2478 quasdam
639 2438 690 2465 ex
713 2425 882 2476 integro
907 2424 1063 2474 sanxit,
1084 2429 1132 2465 ut
1154 2426 1458 2476 sumptuariam
1480 2457 1488 2466 .
1510 2458 1520 2467 .
1543 2457 1552 2466 .
1574 2427 1627 2467 de
1654 2428 1818 2467 ambitu
1832 2426 1867 2475 ';

193 2487 325 2541 comp.
345 2489 443 2528 Val.
467 2488 584 2528 Max.
605 2487 650 2528 ii.
671 2499 711 2539 4.
766 2487 954 2528 Ambitio
976 2487 1075 2527 here
1098 2506 1135 2520 =
1162 2489 1465 2528 ‘ostentatione
1491 2488 1705 2542 display’3
1732 2491 1868 2530 below

194 2550 258 2591 ch.
295 2557 332 2602 7,
367 2552 728 2602 ‘quantacumque
757 2549 834 2588 illa
867 2549 1097 2589 ambitione
1128 2548 1282 2589 diffusa
1318 2548 1403 2598 sit‚'
1436 2550 1472 2589 it
1506 2564 1607 2603 may
1636 2569 1673 2584 =
1694 2551 1866 2602 ambitu,

198 2615 210 2634 ‘
222 2611 372 2652 circuit
384 2609 395 2628 ’
409 2625 421 2660 ;
451 2625 497 2650 or
514 2611 615 2650 bear
633 2610 708 2650 the
727 2623 847 2650 sense
866 2610 912 2650 of
927 2612 938 2632 ‘
951 2614 1073 2662 great
1091 2609 1308 2659 exertion,'
1328 2624 1374 2651 as
1395 2612 1440 2650 in
1458 2612 1575 2652 Just.
1596 2613 1624 2653 i.
1647 2622 1684 2662 3.

249 2674 288 2714 8.
323 2674 580 2713 subscribi:
619 2673 687 2712 ‘to
714 2672 767 2712 be
794 2670 995 2712 allowed'
1009 2685 1022 2721 ς
1058 2685 1085 2711 a
1113 2672 1339 2712 non-class.
1371 2685 1445 2713 use
1473 2687 1667 2713 common
1694 2673 1741 2713 in
1769 2674 1867 2713 Ter-

195 2735 376 2777 tullian:
407 2748 538 2787 comp.
558 2735 623 2775 ch.
648 2734 710 2784 18,
729 2736 741 2755 ‘
756 2734 834 2774 hoc
862 2747 1028 2786 quoque
1055 2734 1299 2774 Ptolemaeo
1326 2748 1352 2774 a
1378 2736 1408 2775 J
1414 2735 1560 2775 udaeis
1588 2736 1869 2788 subscriptum

197 2794 285 2838 est'
298 2809 310 2845 ;
340 2795 390 2836 de
408 2797 515 2848 vio-9.
537 2794 613 2835 vel.
635 2806 687 2834 10
699 2807 711 2844 ;
742 2794 790 2835 de
809 2796 939 2835 anim.
959 2807 1026 2846 40.

255 2869 318 2899 10.
347 2870 467 2906 quae
486 2859 753 2904 patricium.
793 2857 1009 2896 Cornelius
1029 2856 1222 2906 Rufinus,
1238 2857 1333 2897 who
1348 2870 1434 2897 was
1455 2857 1649 2910 expelled
1667 2857 1775 2898 from
1793 2859 1868 2898 the

197 2921 350 2961 Senate
369 2921 427 2972 by
444 2920 518 2960 the
538 2920 696 2960 Censor
715 2919 955 2968 Fabricium
983 2919 1082 2959 Val.
1103 2919 1221 2960 Max.
1242 2919 1284 2959 ii.
1304 2932 1344 2971 9.
1363 2932 1402 2971 4.

309 2984 517 3030 argenti:
549 2986 560 3002 ‘
575 2981 621 3022 of
641 2979 781 3033 plate.’
852 2981 958 3021 Five
983 2981 1146 3034 pounds
1166 2994 1252 3021 was
1271 2982 1345 3022 the
1370 2982 1601 3021 maximum
1628 2982 1867 3034 permitted,
1897 2983 1907 2987 “

197 3043 311 3084 Plin.
332 3044 433 3084 Nat.
454 3043 575 3083 Hist.
595 3043 740 3083 xxxiii.
763 3053 828 3095 50.

308 3118 395 3152 pro
413 3117 583 3153 magno
603 3107 747 3145 titulo
772 3106 1062 3146 ambitionis.
1132 3103 1209 3144 See
1229 3108 1347 3144 notes
1369 3118 1423 3144 on
1442 3105 1608 3155 titulus,
1628 3105 1693 3145 ch.
1718 3117 1756 3156 2,
1775 3119 1841 3156 44.

260 3176 323 3217 15.
351 3179 517 3213 parum
536 3171 606 3206 est
626 3170 692 3207 si:
722 3166 784 3206 ‘it
803 3180 911 3206 were
931 3166 976 3206 of
990 3166 1105 3206 little
1124 3170 1311 3205 moment
1334 3166 1371 3205 if
1390 3197 1398 3206 .
1422 3197 1431 3206 .
1455 3197 1464 3207 .
1478 3165 1489 3183 '

259 3227 322 3268 16.
351 3230 707 3270 libertinorum:
735 3231 747 3252 ‘
759 3227 972 3268 freedmen
983 3226 1015 3278 ';
1035 3228 1271 3268 Tertullian
1284 3228 1402 3280 gives
1418 3242 1474 3268 an
1488 3228 1680 3268 instance
1694 3227 1745 3269 de
1755 3227 1872 3280 pall.
