2124 3554
219 223 316 261 οη.
336 215 450 268 ΧΙΙ.]
536 206 798 260 adversus
841 206 1035 259 Gentes
1058 213 1165 274 pro
1207 204 1554 260 Christianis.
1811 217 1881 272 47

217 350 414 414 quidem
447 366 618 400 massa.
690 350 751 397 In
787 349 984 398 metalla
1018 348 1332 396 damnamur:
1370 347 1483 396 inde
1519 351 1778 396 censentur
1812 347 1885 395 dii

217 432 384 481 vestri.
454 433 514 479 In
560 432 747 481 insulas
787 431 1089 494 relegamur:
1143 430 1267 479 solet
1309 434 1359 477 et
1399 429 1452 477 in
1492 429 1665 478 insulis
1705 429 1886 493 aliquis

218 514 336 563 deus
352 518 513 563 vester
536 519 623 562 aut
646 514 777 562 nasci
800 517 886 573 aut
910 512 1052 562 mori.
1112 511 1166 561 Si
1189 529 1275 575 per
1297 512 1417 560 haec
1437 516 1629 560 constat
1652 511 1886 560 divinitas

218 596 396 660 aliqua,
434 614 548 659 ergo
584 596 674 660 qui·
703 595 982 660 puniuntur
1016 598 1372 653 consecrantur,
1411 600 1461 642 et
1495 593 1698 642 numina
1741 597 1888 641 erunt

220 679 422 727 dicenda
461 678 711 743 suppliciass
783 678 878 727 Sed
911 678 1054 741 plane
1089 694 1186 725 non
1222 677 1441 725 sentiunt
1475 676 1562 724 has
1591 675 1803 739 injurias
1838 681 1886 723 et
1903 693 1927 735 5

219 761 537 810 contumelias
572 778 686 810 suae
717 758 1049 808 fabricationis
1072 758 1145 806 dii
1168 759 1336 818 vestri,
1362 759 1489 807 sicut
1521 776 1608 807 nec
1644 758 1887 820 obsequia.

221 843 266 892 Ο
296 843 472 906 impiae
496 842 651 902 voces,
678 860 706 891 o
736 842 968 905 sacrilega
1003 841 1246 890 convicia!
1283 841 1559 899 infrendite,
1584 841 1887 905 inspumate!

221 925 371 974 iidem
399 924 531 985 estis,
558 925 644 989 qui
668 924 896 974 Senecam
919 924 1130 987 aliquem
1161 923 1386 987 pluribus
1411 928 1460 971 et
1485 922 1805 971 amarioribus
1829 922 1889 970 de

220 1014 383 1058 vestra
430 1003 774 1072 superstitione
819 1011 1126 1071 perorantem
1170 1006 1567 1069 reprehendistis.
1638 1005 1800 1068 Igitur
1847 1003 1890 1053 si

221 1094 409 1138 statuas
445 1095 495 1139 et
530 1090 764 1154 imagines
803 1088 1006 1153 frigidas
1041 1093 1346 1136 mortuorum
1380 1105 1577 1136 suorum
1618 1087 1889 1136 simillimas
1907 1102 1959 1132 10

222 1190 319 1220 non
354 1174 622 1233 adoramus,
660 1189 778 1236 quas
813 1170 951 1219 milvi
985 1173 1035 1218 et
1067 1187 1229 1219 mures
1265 1174 1315 1219 et
1352 1188 1553 1218 araneae
1588 1170 1891 1233 intelligunt,

223 1272 384 1304 nonne
423 1255 617 1303 laudem
658 1253 827 1317 magis,
866 1270 1012 1315 quam
1055 1269 1271 1316 poenam,
1314 1253 1594 1300 merebatur
1627 1242 1892 1316 *repudium

223 1337 383 1401 agniti
423 1337 638 1385 erroris?
714 1337 974 1384 Possumus
1020 1335 1150 1383 enim
1196 1334 1354 1383 videri
1399 1335 1590 1384 laedere
1636 1353 1727 1395 eos,
1771 1353 1892 1399 quos

225 1543 369 1580 manet
403 1544 452 1579 et
489 1539 591 1579 olim
629 1551 775 1579 eversa
814 1541 878 1578 est
917 1537 1146 1586 Caelestis;
1195 1537 1297 1589 quia
1337 1550 1424 1577 non
1460 1537 1544 1577 fuit
1590 1538 1782 1578 caelestis
1820 1539 1894 1578 sed

224 1599 462 1643 terrestris?
517 1601 595 1642 See
634 1601 859 1652 Dollinger
908 1600 1033 1641 Gent.
1073 1600 1162 1639 and
1197 1599 1234 1640 J
1232 1613 1289 1639 ew
1329 1599 1357 1639 i.
1396 1600 1499 1652 438;
1550 1601 1736 1640 Milman
1772 1601 1891 1641 Hist.

225 1664 384 1706 Christ.
406 1664 449 1703 ii.
475 1671 564 1715 175.
1524 1712 1527 1716 Ι

283 1737 318 1765 1.
351 1728 411 1765 In
430 1727 620 1765 metalla
644 1727 934 1765 damnamur.
991 1725 1003 1746 ‘
1022 1724 1102 1763 We
1123 1736 1194 1763 are
1215 1723 1476 1764 condemned
1498 1727 1546 1764 to
1564 1724 1639 1764 the
1657 1725 1793 1765 mines
1810 1738 1819 1765 ε
1851 1725 1889 1764 it

224 1788 261 1828 is
279 1787 385 1827 from
405 1788 555 1827 thence
574 1786 671 1827 that
690 1800 797 1838 your
814 1786 918 1839 gods
938 1785 1083 1826 derive
1102 1785 1218 1825 their
1236 1785 1364 1838 being
1377 1783 1411 1835 ’3
1441 1799 1508 1826 see
1532 1791 1635 1826 note
1662 1800 1716 1827 on
1734 1800 1889 1834 census,

226 1848 290 1889 ch.
314 1859 361 1902 73
378 1849 476 1889 ‘and
493 1849 642 1898 below,
663 1848 728 1888 ch.
750 1860 814 1900 29.
858 1848 947 1887 The
965 1847 1129 1887 marble
1152 1849 1343 1900 quarries
1363 1848 1410 1887 of
1424 1848 1498 1888 the
1517 1849 1788 1898 Chersonese‚
1808 1848 1894 1888 and

225 1910 302 1951 the
332 1911 466 1950 mines
493 1910 540 1949 in
567 1909 711 1962 Sicily,
741 1909 881 1962 Spain,
913 1909 1177 1958 Macedonia,
1211 1910 1296 1949 and
1324 1910 1487 1950 Arabia
1514 1924 1625 1950 were
1653 1910 1894 1962 frequently

226 1974 412 2015 selected
429 1973 493 2013 for
511 1973 586 2013 the
604 1973 728 2024 penal
749 1972 962 2012 servitude
981 1971 1028 2012 of
1042 1971 1259 2012 Christian
1283 1973 1513 2013 confessors
1530 1987 1541 2022 ;
1570 1972 1723 2013 Euseb.
1746 1974 1802 2012 iv.
1827 1985 1893 2023 23,

227 2036 319 2076 viii.
362 2046 410 2086 13
429 2048 440 2084 3
485 2035 618 2074 Mart.
657 2034 800 2087 Polyc.
842 2037 865 2075 8
884 2047 895 2084 ;
937 2035 1135 2087 Cyprian.
1174 2035 1315 2087 Epist.
1355 2035 1502 2084 lxxvii,
1548 2036 1675 2085 lxxx;
1713 2035 1894 2075 Tertull.

228 2098 280 2137 de
285 2096 401 2149 pall.
418 2108 441 2146 3
460 2109 470 2144 ;
491 2096 540 2135 de
555 2096 771 2148 cult.fem.
787 2096 814 2136 i.
834 2106 856 2147 5
875 2109 1030 2148 ;comp.
1042 2095 1260 2147 Lightfoot
1276 2095 1403 2137 Glem.
1419 2096 1537 2136 Rom.
1553 2097 1581 2137 i.
1602 2109 1703 2149 2903
1724 2096 1808 2136 and
1820 2096 1894 2135 the

229 2158 316 2198 Lit.
349 2156 395 2197 of
423 2158 570 2209 Apost.
604 2157 783 2196 Constit.
824 2156 909 2196 and
940 2156 986 2196 of
1015 2157 1056 2197 S.
1087 2157 1218 2196 Mark
1256 2157 1302 2196 in
1341 2157 1622 2198 Hammond's
1665 2157 1894 2210 Lituryies,

229 2232 297 2271 pp.
320 2232 359 2272 9,
383 2220 473 2258 181.
1425 2228 1427 2231 ’

290 2293 325 2321 2.
355 2283 416 2319 In
438 2281 619 2318 insulas
652 2281 929 2326 relegamur.
987 2278 1077 2318 The
1111 2279 1271 2319 islands
1304 2279 1443 2319 round
1480 2279 1554 2320 the
1592 2280 1713 2320 shore
1748 2280 1794 2319 of
1820 2280 1894 2320 the

231 2343 578 2382 Mediterranean
595 2355 705 2380 were
724 2341 798 2380 the
818 2341 940 2379 usual
958 2340 1098 2392 places
1118 2341 1164 2380 of
1186 2342 1456 2381 banishment
1484 2343 1617 2382 under
1635 2342 1709 2382 the
1727 2342 1894 2382 Roman

233 2405 389 2457 empire
405 2416 415 2451 ;
443 2416 574 2454 comp.
594 2403 658 2443 ch.
682 2414 718 2451 ῐ,
739 2403 811 2442 ‘in
830 2402 980 2442 insulis
1000 2402 1289 2453 Christianos,'
1308 2404 1393 2443 and
1412 2404 1475 2443 ch.
1499 2412 1563 2456 37.

288 2477 324 2516 3.
356 2468 471 2504 deus
504 2468 663 2503 vester
689 2468 771 2503 aut
804 2465 935 2502 nasci
964 2468 1046 2503 aut
1079 2467 1226 2504 mori:
1258 2477 1290 2505 e.
1301 2477 1345 2515 9.
1379 2465 1535 2516 Apollo
1569 2465 1654 2504 and
1682 2466 1822 2505 Diana
1848 2465 1895 2504 in

233 2527 361 2567 Delos
379 2539 389 2574 ;
417 2527 447 2566 J
454 2539 535 2565 uno
554 2526 600 2564 in
618 2525 762 2564 Samos
779 2538 790 2574 3
818 2525 991 2576 Jupiter
1009 2525 1055 2563 in
1075 2525 1223 2574 Crete;
1252 2539 1384 2577 comp.
1405 2526 1469 2565 ch.
1493 2538 1559 2579 29,
1580 2539 1646 2578 40.

289 2600 325 2639 5.
359 2590 454 2627 Sed
471 2591 609 2634 plane
630 2599 726 2626 non
747 2587 974 2626 sentiunt.
1033 2585 1175 2638 Gomp.
1197 2586 1260 2625 ch.
1285 2597 1346 2635 25.

288 2651 326 2688 8.
360 2652 608 2689 Senecam:
637 2648 683 2687 in
700 2647 766 2686 his
784 2647 893 2687 book
911 2648 963 2686 de
981 2648 1280 2699 superstitione
1298 2648 1598 2699 Romanorum,
1617 2649 1755 2689 which
1775 2650 1812 2689 is
1831 2663 1894 2689 re-

231 2713 370 2754 ferred
388 2717 434 2753 to
451 2713 509 2765 by
526 2713 709 2763 August.
732 2711 781 2751 dc
800 2713 876 2751 civ.
897 2712 983 2751 Dei
1000 2712 1057 2752 vi.
1082 2723 1146 2752 10.

355 2777 438 2822 qui
459 2803 469 2813 .
489 2804 499 2814 .
522 2804 532 2813 .
551 2775 937 2820 reprehendistis.
993 2773 1095 2813 This
1125 2774 1160 2813 is
1191 2774 1237 2813 of
1258 2787 1401 2813 course
1426 2773 1614 2814 ironical.
1673 2775 1763 2815 One
1797 2774 1891 2815 MS.

231 2837 355 2876 reads
375 2836 564 2888 probetis
579 2849 590 2884 ;
620 2835 760 2875 others
786 2836 920 2875 insert
946 2848 1054 2884 non3
1083 2849 1215 2887 comp.
1245 2835 1312 2876 ch.
1342 2835 1409 2888 46,
1443 2838 1454 2857 ‘
1472 2835 1584 2884 Quin
1612 2837 1696 2876 imo
1723 2841 1765 2876 et
1794 2837 1893 2878 deos

216 2886 395 2938 ‘vestros
413 2898 554 2950 palam
574 2898 799 2937 destruunt
818 2926 829 2937 .
851 2927 860 2936 .
885 2928 894 2937 .
911 2896 1182 2937 laudantibus
1202 2894 1349 2937 vobis.'

292 2972 352 3000 11.
383 2973 498 3007 quas
517 2962 656 2998 milvi
679 2988 689 2998 .
712 2990 720 2999 .
744 2990 753 3000 .
775 2961 1067 3006 intelligunt.
1125 2960 1236 2999 Min.
1251 2960 1372 2999 Felix
1391 2971 1454 3010 24,
1469 2973 1583 2999 more
1603 2961 1890 3014 particularly,

234 3021 246 3042 ‘
262 3021 306 3060 in
327 3021 418 3073 ipso
438 3021 507 3060 dei
525 3021 657 3061 vestri
677 3034 746 3060 ore
764 3021 1000 3061 nidificant.
1055 3021 1252 3060 Araneae
1275 3035 1372 3061 vero
1390 3021 1541 3061 faciem
1570 3022 1659 3074 ejus
1678 3022 1891 3072 intexunt,

233 3087 276 3123 et
294 3083 346 3123 de
365 3084 453 3135 ipso
471 3083 609 3134 capite
629 3095 704 3122 sua
722 3083 795 3122 fila
813 3081 1102 3135 suspendunt?

356 3147 646 3192 intelligunt,
668 3150 679 3167 ‘
694 3145 803 3184 have
820 3158 877 3184 an
897 3149 1090 3185 accurate
1104 3144 1354 3198 knowledge
1375 3145 1421 3186 of
1429 3143 1466 3197 ’3
1493 3159 1626 3198 comp.
1646 3146 1711 3187 ch.
1739 3156 1804 3196 30,
1826 3155 1837 3173 ⁶
1849 3149 1893 3186 et

232 3206 296 3246 ita
313 3205 456 3245 Deum
473 3205 747 3259 intelligunt.'
