2124 3554
199 257 299 297 σω».
315 251 451 305 XXI]
519 241 775 295 adversus
816 242 1010 295 Gentes
1035 249 1140 310 pro
1186 241 1534 295 Christiani&
1795 251 1861 310 79

198 386 365 450 gentia
423 386 846 445 circumsederunt,
903 402 977 444 ne,
1039 384 1152 448 quia
1208 384 1518 447 praedixerat
1576 384 1726 432 tertia
1784 384 1863 446 die

197 473 585 517 resurrecturum
624 485 674 518 se
710 485 740 516 a
776 472 945 528 morte,
987 467 1216 530 discipuli
1257 468 1390 515 furto
1429 466 1618 514 amoliti
1660 467 1865 516 cadaver

197 551 418 600 fallerent
460 555 716 619 suspectos.
800 550 895 600 Sed
936 566 1046 598 ecce
1087 549 1165 597 die
1207 549 1357 598 tertia
1395 566 1624 597 concussa
1663 554 1863 612 repente

197 638 343 694 terra,
392 638 442 682 et
488 634 613 682 mole
660 624 896 693 revoluta,
945 649 1070 696 quae
1121 633 1429 680 obstruxerat
1475 632 1766 695 sepulcrum,
1814 636 1864 680 et

196 716 415 765 custodia
442 733 621 780 pavore
649 715 866 778 disjecta,
891 714 1044 763 nullis
1075 715 1424 778 apparentibus
1447 714 1714 778 discipulis,
1739 714 1863 762 nihil
1880 733 1902 773 5

196 799 249 847 in
299 799 520 862 sepulcro
575 805 821 862 repertum
875 802 965 857 est,
1015 803 1356 861 praeterquam
1411 797 1613 845 exuviae
1668 797 1864 860 sepulti.

196 881 528 932 Nihilominus
574 886 739 929 tamen
785 880 1033 943 primores,
1075 897 1282 943 quorum
1328 879 1575 940 intererat,
1618 886 1666 928 et
1713 880 1865 928 scelus

197 964 463 1027 divulgare,
501 969 550 1011 et
584 963 816 1026 populum
850 961 1140 1024 vectigalem
1175 971 1225 1009 et
1257 962 1541 1011 famularem
1576 962 1671 1011 sibi
1705 980 1734 1010 a
1770 962 1865 1011 fide

193 1058 437 1106 revocare,
481 1046 767 1108 subreptum
807 1062 844 1115 a¹
877 1044 1130 1107 discipulis
1170 1043 1536 1107 jactitaverunt.
1606 1044 1736 1092 Nam
1777 1062 1864 1092 nec

197 1129 279 1177 ille
313 1145 362 1176 se
393 1128 446 1175 in
469 1128 646 1190 vulgus
681 1126 863 1186 eduxit,
890 1144 950 1175 ne
978 1125 1123 1190 impii
1160 1143 1323 1174 errore
1358 1126 1696 1185 liberarentur,
1723 1131 1781 1176 ut
1816 1132 1864 1176 et
1883 1143 1933 1171 10

196 1211 328 1271 fides,
355 1227 453 1258 non
486 1209 715 1258 mediocri
749 1209 966 1272 praemio
1002 1209 1260 1268 destinata,
1283 1209 1571 1257 difficultate
1607 1214 1865 1258 constaret.

199 1292 324 1340 Cum
360 1292 614 1355 discipulis
649 1295 813 1339 autem
847 1290 1139 1354 quibusdam
1173 1291 1301 1354 apud
1339 1290 1608 1340 Galilaeam
1649 1292 1680 1339 J
1684 1293 1866 1341 udaeae

197 1375 443 1439 regionem
466 1375 529 1422 ad
553 1374 877 1437 quadraginta
901 1374 1003 1422 dies
1029 1373 1145 1437 egit,
1175 1375 1350 1422 docens
1374 1391 1452 1422 eos
1477 1392 1600 1438 quae
1624 1375 1864 1423 docerent.

198 1457 385 1506 Dehinc
434 1455 671 1504 ordinatis
717 1455 787 1504 eis
833 1456 896 1504 ad
942 1456 1152 1504 officium
1196 1456 1510 1520 praedicandi
1555 1474 1644 1520 per
1685 1457 1864 1516 orbem,

198 1539 491 1589 circumfusa
525 1539 653 1586 nube
687 1538 739 1586 in
774 1539 960 1588 caelum
994 1543 1067 1587 est
1103 1543 1309 1602 ereptus,
1339 1539 1495 1586 multo
1519 1540 1682 1587 verius
1718 1558 1864 1604 quam
1882 1562 1931 1602 15

197 1623 329 1686 apud
362 1630 448 1671 vos
481 1638 750 1670 asseverare
787 1621 845 1670 de
881 1621 1088 1670 Romulo
1123 1621 1316 1669 Proculi
1352 1621 1522 1670 solent.
1595 1622 1669 1670 Ea
1704 1623 1865 1672 omnia

197 1721 342 1768 super
389 1704 586 1753 Christo
636 1704 839 1763 Pilatus,
886 1708 936 1752 et
987 1704 1091 1768 ipse
1137 1704 1240 1767 jam
1292 1721 1383 1767 pro
1435 1721 1523 1753 sua
1574 1705 1866 1754 conscientia

198 1786 524 1847 Christianus,
548 1786 744 1835 Caesari
766 1791 873 1835 tum
890 1785 1087 1834 Tiberio
1111 1786 1375 1835 nuntiavit.
1445 1787 1542 1836 Sed
1563 1791 1613 1834 et
1635 1787 1866 1836 Caesares

197 1869 520 1918 credidissent
574 1885 720 1933 super
773 1869 983 1930 Christo,
1039 1869 1081 1917 si
1131 1872 1217 1917 aut
1268 1868 1498 1918 Caesares
1550 1887 1650 1917 non
1704 1876 1865 1919 essent

198 1952 389 2002 saeculo
446 1952 718 2011 necessarii,
756 1958 843 2000 aut
898 1952 940 2000 si
993 1956 1043 2000 et
1101 1951 1375 1999 Christiani
1429 1952 1703 2015 potuissent
1763 1970 1864 2002 esse
1883 1973 1934 2000 20

254 2089 292 2129 5.
322 2078 539 2117 custodia
574 2087 748 2122 pavore
787 2077 995 2122 disjecta.
1049 2075 1268 2129 Disjieere
1290 2076 1326 2115 is
1357 2076 1429 2115 the
1466 2077 1636 2128 regular
1673 2076 1865 2128 military

198 2143 309 2179 term
326 2140 390 2178 for
406 2139 577 2189 routing
595 2137 681 2176 and
700 2137 935 2189 dispersing
953 2151 979 2176 a
997 2137 1131 2189 guard
1160 2137 1206 2177 of
1221 2138 1405 2190 soldiery
1422 2150 1433 2186 ;
1461 2151 1590 2190 comp.
1616 2139 1721 2177 Hor.
1741 2137 1858 2190 Epp.

198 2201 244 2241 ii.
271 2212 307 2239 2.
329 2212 406 2251 303
432 2199 525 2239 Liv.
548 2199 648 2238 xliv.
670 2209 736 2250 41.
796 2198 985 2250 Dejicere
1010 2211 1152 2238 occurs
1174 2200 1220 2239 in
1240 2200 1314 2239 the
1332 2212 1445 2239 same
1465 2212 1584 2239 sense
1602 2200 1667 2240 ch.
1691 2208 1758 2251 27,
1777 2200 1863 2240 like

199 2262 414 2315 depellere,
434 2260 498 2301 ch.
516 2272 554 2313 9,
574 2271 636 2311 24,
654 2267 718 2311 37.

256 2337 294 2377 9.
324 2326 449 2363 Nam
477 2334 564 2362 nec
594 2324 677 2361 ille
706 2333 755 2361 se
781 2324 834 2360 in
860 2324 1032 2368 vulgus
1061 2324 1237 2362 eduxit.
1307 2322 1414 2362 Acts
1442 2335 1481 2361 x.
1511 2333 1580 2374 41,
1609 2324 1717 2361 ‘non
1748 2324 1862 2363 omni

198 2382 378 2438 populo,'
411 2386 485 2424 ete.
544 2381 816 2423 Tertullian's
853 2387 937 2423 two
974 2397 1142 2423 reasons
1180 2398 1251 2424 are
1288 2385 1550 2436 interesting.
1610 2384 1699 2423 The
1724 2384 1864 2438 ⁴Risen

200 2450 294 2490 Life
313 2445 360 2489 of
374 2449 515 2489 Christ
533 2448 656 2488 could
675 2448 776 2500 only
794 2448 846 2487 be
865 2447 1160 2499 apprehended
1175 2449 1268 2502 bya
1282 2449 1447 2489 trained
1466 2449 1662 2500 spiritual
1677 2448 1863 2502 faculty;

200 2512 286 2552 and
316 2510 390 2551 the
423 2510 667 2562 experience
703 2509 750 2548 of
778 2509 1042 2549 unbelievers
1075 2510 1216 2549 would
1245 2510 1355 2550 have
1387 2510 1495 2549 been
1524 2510 1780 2562 inadequate
1816 2514 1862 2550 to

200 2573 401 2614 establish
419 2572 493 2612 the
515 2576 611 2611 true
628 2570 738 2611 saith
756 2571 802 2610 in
821 2571 895 2611 the
913 2571 1223 2612 Resurrection.
1283 2571 1360 2611 See
1380 2572 1603 2618 Westcott,
1617 2571 1716 2611 Rev.
1733 2572 1862 2612 Risen

199 2635 333 2683 Lord,
353 2634 507 2674 introd.
528 2633 662 2685 chap„
682 2646 736 2672 on
755 2633 829 2672 the
848 2637 858 2654 ‘
875 2633 1031 2672 Divine
1050 2631 1371 2686 impossibility’
1391 2633 1437 2673 of
1451 2633 1526 2672 the
1544 2633 1862 2674 manifestation

200 2696 247 2737 of
261 2697 404 2736 Christ
422 2699 468 2735 to
485 2695 560 2734 the
577 2695 711 2734 world
729 2693 836 2734 after
853 2693 935 2733 His
956 2694 1263 2734 Resurrection.

259 2758 322 2799 16.
353 2762 410 2798 de
445 2759 647 2798 Romulo
680 2758 885 2796 Proculi.
945 2756 1040 2796 Liv.
1075 2757 1102 2796 i.
1132 2755 1207 2805 163
1237 2770 1369 2808 comp.
1401 2757 1573 2808 August
1598 2756 1648 2796 de
1678 2757 1755 2797 civ.
1776 2757 1861 2796 Dei

198 2820 260 2861 1ii.
287 2831 350 2872 15.

262 2891 320 2933 17.
354 2894 441 2929 pro
462 2894 546 2921 sua
564 2881 852 2920 conscientia
872 2882 1181 2920 Christianus.
1238 2880 1279 2919 S.
1305 2880 1434 2920 Matt.
1454 2880 1583 2919 xxvii.
1607 2891 1626 2918 2
1634 2891 1670 2930 3,
1695 2891 1760 2931 24.

259 2945 323 2984 18.
356 2946 451 2983 Sed
489 2947 537 2982 et
574 2945 793 2982 Caesares
824 2944 1147 2982 credidissent.
1203 2942 1292 2980 The
1319 2941 1429 2981 close
1451 2941 1683 2981 connexion
1707 2940 1754 2980 of
1773 2940 1861 2981 this

198 3006 367 3044 remark
385 3005 491 3044 with
509 3003 586 3044 the
605 3003 795 3043 mention
814 3003 859 3042 of
873 3002 1045 3043 Pilate's
1065 3004 1215 3043 official
1242 3003 1588 3043 communication
1607 3007 1652 3043 to
1669 3003 1860 3043 Tiberius

198 3067 435 3119 respecting
454 3067 611 3114 Christ,
631 3066 762 3106 taken
790 3066 836 3105 in
863 3067 1134 3118 conjunction
1152 3065 1257 3105 with
1274 3063 1477 3105 Tiberius’
1497 3066 1688 3117 proposal
1711 3064 1794 3118 (ch.
1814 3066 1859 3115 5)

199 3131 244 3168 to
263 3129 336 3169 the
361 3128 515 3168 Senate
543 3133 588 3168 to
616 3128 750 3167 admit
779 3127 922 3167 Christ
951 3132 1144 3180 amongst
1171 3128 1249 3168 the
1277 3128 1444 3167 Roman
1473 3128 1636 3176 deities,
1656 3127 1732 3166 has
1752 3127 1860 3166 been

199 3189 298 3229 held
326 3193 371 3229 to
398 3190 531 3242 imply
549 3189 646 3230 that
675 3191 686 3211 ‘
703 3189 884 3242 worldly
902 3190 1231 3230 considerations
1261 3190 1382 3229 alone
1409 3189 1640 3241 prevented
1667 3188 1859 3228 Tiberius

198 3249 305 3290 from
331 3252 542 3304 believing
570 3252 617 3291 in
641 3249 810 3292 Christ!
871 3250 1027 3304 (Kaye,
1045 3265 1113 3303 pp.
1138 3263 1213 3302 103
1233 3250 1297 3304 ff.)
1355 3251 1594 3291 Tei-tullian
1612 3263 1724 3304 may,
1745 3250 1857 3289 how-
