2124 3554
203 214 302 253 Cu.
322 206 539 260 XLV111.]
613 197 875 252 adversus
899 193 1111 250 'Gentes
1133 190 1241 264 prb
1282 190 1632 250 Christianis.
1761 200 1862 263 143

203 348 385 402 natum,
420 343 627 392 maceria
662 342 869 406 quadam
902 341 1074 403 igneae
1108 334 1242 388 illius
1277 356 1421 387 zonae
1457 356 1487 387 a
1521 329 1703 386 notitia
1736 336 1865 385 orbis

203 425 472 474 communis
532 431 847 489 segregatum,
896 421 1056 485 Elysii
1101 421 1257 485 campi
1302 421 1446 469 fidem
1493 425 1863 483 occupaverunt.

204 507 348 556 Unde
384 508 514 567 haec,
541 525 622 555 oro
656 523 754 565 vos,
784 505 1081 569 philosophis
1116 509 1203 553 aut
1236 504 1390 568 poetis
1424 508 1526 552 tam
1560 502 1868 552 consimilia‘l

204 606 300 637 non
335 589 431 638 nisi
467 590 526 638 de
562 590 741 655 nostris
777 586 1119 636 ‘sacramentisz
1157 586 1284 636 side
1321 586 1504 635 nostris
1541 583 1865 643 sacramentis,

204 676 262 720 ut
280 672 340 720 de
362 673 621 736 prioribus,
639 689 752 735 ergo
775 670 992 718 fideliora
1010 674 1126 718 sunt
1149 674 1328 727 nostra,
1347 669 1595 734 magisque
1614 667 1864 725 credenda,
1884 686 1907 728 5

206 772 414 818 quorum
451 755 685 818 imagines
720 771 908 818 quoque
945 753 1089 801 fidem
1124 752 1413 813 inveniunt,
1456 751 1498 800 si
1533 752 1592 799 de
1628 750 1729 799 suis
1766 766 1867 798 sen·

206 838 354 897 sibus,
400 839 500 900 jam
547 855 660 900 ergo
708 840 1010 885 sacramenta
1055 839 1221 885 nostra
1266 835 1501 898 imagines
1547 834 1871 898 posteriorum

206 920 528 977 habebuntur,
556 919 683 983 quod
708 936 872 966 rerum
894 918 1049 966 forma
1073 934 1171 966 non
1196 917 1431 977 sustinet3
1469 933 1718 980 nunquam
1741 914 1871 964 enim

207 1019 380 1066 corpus
404 1003 575 1050 umbra
598 1006 686 1050 aut
708 1001 964 1050 veritatem
986 1000 1146 1064 imago
1169 999 1429 1064 praecedit.

789 1218 1011 1268 CAPUT
1046 1218 1288 1267 XLVIII.
1892 1252 1943 1280 ω

280 1342 394 1390 Aen
425 1344 541 1405 jam,
568 1341 611 1390 si
644 1341 752 1406 quis
787 1341 1105 1406 philosophus
1137 1342 1354 1402 affirmet,
1378 1346 1437 1391 ut
1460 1341 1530 1390 ait
1554 1340 1790 1390 Laberius
1814 1339 1874 1388 de

212 1424 455 1473 sententia
490 1424 806 1487 Pythagorae,
841 1424 1084 1472 hominem
1118 1424 1226 1472 fieri
1263 1441 1324 1473 ex
1357 1424 1500 1484 mulo,
1534 1424 1779 1472 colubram
1815 1440 1875 1470 ex

212 1507 429 1566 muliere,
474 1512 524 1553 et
581 1505 635 1552 in
681 1522 786 1553 eam
833 1505 1112 1569 opinionem
1159 1506 1320 1554 omnia
1365 1510 1651 1569 argumenta
1697 1505 1876 1569 eloquii

211 1588 396 1637 virtute
421 1587 693 1646 detorserit,
719 1605 875 1635 nonne
901 1605 1188 1636 consensum
1220 1587 1435 1636 movebit
1458 1593 1508 1636 et
1535 1587 1679 1636 fidem
1703 1587 1877 1651 infiget

212 1669 364 1718 etiam
397 1670 459 1718 ab
496 1669 790 1717 animalibus
832 1669 1148 1718 abstinendi?
1197 1666 1547 1734 proptereaque
1587 1686 1872 1734 persuasum
1895 1697 1943 1738 15

213 1751 325 1815 quis
362 1751 450 1800 hoc
488 1751 679 1810 habeat,
719 1769 779 1799 ne
821 1753 946 1799 forte
986 1751 1221 1799 bubulam
1264 1753 1323 1800 de
1364 1752 1527 1816 aliquo
1567 1769 1748 1816 proavo
1789 1769 1877 1800 suo

213 1834 423 1882 obsonet.
517 1834 587 1882 At
631 1833 761 1882 enim
814 1833 1139 1894 Christianus,
1189 1834 1232 1882 si
1279 1835 1339 1882 de
1386 1834 1580 1883 homine
1631 1834 1877 1883 hominem

213 1915 471 1979 ipsumque
517 1916 577 1963 de
619 1916 737 1965 Caio
780 1915 955 1963 Caium
1003 1916 1230 1964 reducem
1269 1917 1593 1979 repromittat,
1632 1916 1879 1980 lapidibus

216 1997 386 2060 magis,
411 2014 498 2046 nec
530 1998 698 2046 saltem
729 1998 973 2046 caestibus
1004 2015 1033 2046 a
1059 1999 1239 2061 populo
1264 1999 1520 2062 exigetur?
1592 1999 1745 2060 Quasi
1767 2017 1878 2058 non,

217 2096 548 2142 quaecumque
593 2079 718 2127 ratio
763 2085 957 2142 praeest
1003 2080 1272 2129 animarum
1312 2082 1638 2130 humanarum
1674 2082 1727 2129 in
1749 2114 1754 2119 -
1774 2099 1876 2130 cor·
1896 2106 1948 2134 20

275 2221 311 2248 2.
341 2214 706 2256 occupaverunt,
731 2212 742 2231 ‘
757 2210 865 2249 have
884 2210 1174 2261 anticipated.’

273 2283 311 2322 4„
343 2274 401 2310 de
422 2275 596 2310 nostris
624 2274 941 2322 sacramentis,
978 2273 1108 2311 ‘from
1137 2285 1214 2311 our
1241 2271 1489 2326 mysteries,’
1520 2287 1566 2313 or
1595 2274 1608 2294 ‘
1621 2272 1828 2313 doctrines
1842 2272 1878 2323 ’;

218 2344 287 2372 see
305 2336 418 2381 note,
438 2332 501 2372 ch.
525 2340 560 2383 7.

275 2393 314 2434 8.
341 2406 584 2441 nunquam
612 2425 622 2435 .
645 2426 654 2434 .
679 2425 688 2434 .
712 2398 966 2434 veritatem
983 2398 1139 2442 imago
1163 2397 1414 2442 praecedit.
1471 2397 1525 2436 So
1544 2397 1669 2450 again
1687 2398 1733 2437 of
1751 2397 1877 2437 Cath—

221 2455 310 2495 olic·
331 2455 453 2495 truth
485 2456 569 2495 and
602 2456 762 2509 heresy,
793 2457 841 2496 de
868 2470 1056 2508 praescr.
1085 2457 1201 2497 haer.
1234 2470 1299 2509 29,
1337 2457 1434 2496 ‘sed
1466 2459 1578 2497 enim
1609 2459 1655 2497 in
1687 2459 1878 2498 omnibus

221 2517 381 2556 veritas
401 2517 627 2569 imaginem
646 2519 883 2566 antecedit;
911 2523 1006 2570 post
1033 2532 1123 2558 rem
1151 2519 1384 2559 similitudo
1412 2521 1598 2560 succedit
1614 2518 1648 2569 ’;
1677 2534 1806 2573 comp.
1828 2521 1879 2561 de

221 2590 338 2619 carn.
359 2578 461 2619 Chr.
487 2590 506 2617 2
525 2592 534 2626 ;
563 2581 658 2619 adv.
680 2580 821 2619 Mare.
840 2581 868 2619 i.
893 2591 929 2626 1,
952 2593 1014 2626 20,
1036 2584 1140 2630 θέας
1169 2582 1265 2622 adv.
1285 2582 1424 2621 Prax.
1447 2594 1483 2621 2.

280 2650 342 2679 11.
371 2642 616 2680 Laberius.
672 2642 715 2680 A
734 2642 970 2682 celebrated
989 2642 1101 2682 farce
1121 2643 1277 2689 writer,
1291 2643 1386 2683 who
1404 2643 1503 2682 died
1521 2654 1561 2684 Β.
1577 2654 1613 2683 c.
1630 2655 1698 2695 43.
1754 2643 1826 2683 He
1842 2644 1880 2683 is

219 2702 461 2741 mentioned
484 2703 588 2742 Hor.
612 2702 706 2743 Sat.
733 2703 761 2742 i.
787 2715 849 2744 10.
869 2703 921 2752 63
949 2705 1035 2744 and
1057 2706 1214 2757 quoted
1237 2706 1427 2746 Macrob.
1454 2706 1500 2745 ii.
1531 2713 1552 2758 7
1572 2719 1583 2754 ;
1610 2719 1741 2758 comp.
1763 2706 1879 2746 Suet.

221 2764 316 2805 Jul.
343 2765 460 2804 Caes.
483 2775 547 2815 39.

281 2827 341 2865 18.
373 2828 486 2865 Caio
508 2828 684 2866 Caium.
741 2827 819 2866 See
839 2831 952 2877 note,
973 2827 1037 2867 ch.
1061 2839 1098 2878 3.

281 2900 342 2941 19.
374 2891 521 2934 Quasi
541 2902 638 2929 non
657 2919 668 2928 .
691 2921 701 2930 .
724 2919 733 2929 .
754 2896 893 2930 erunt
912 2894 1119 2931 aliunde.
1166 2891 1221 2931 So
1235 2891 1337 2932 Cod.
1351 2892 1476 2932 Fuld.
1526 2892 1615 2932 The
1634 2906 1742 2932 varr.
1763 2893 1879 2933 lectt.

221 2950 268 2990 in
281 2950 368 2990 this
387 2964 561 3003 passage
583 2964 694 2991 seem
714 2952 813 3004 only
828 2953 1059 3004 explicable
1079 2967 1134 2993 on
1153 2954 1226 2993 the
1242 2954 1503 3006 supposition
1523 2955 1569 2994 of
1582 2969 1608 2995 a
1628 2955 1783 2995 second
1795 2956 1881 2995 edi-

221 3013 314 3052 tion
332 3013 378 3052 of
391 3013 465 3053 the
494 3014 686 3066 Apology
704 3027 713 3062 ;
743 3027 811 3053 see
830 3019 944 3063 note,
965 3015 1028 3054 ch.
1049 3026 1096 3067 19
1103 3017 1236 3067 fray.
1291 3015 1361 3055 Al.
1383 3021 1394 3037 ‘
1409 3016 1453 3056 Si
1476 3030 1749 3070 quaecunque
1770 3018 1882 3057 ratio

222 3079 388 3126 praeest
407 3077 643 3115 animarum
663 3077 943 3116 humanarum
960 3078 1352 3129 reciprocandarum
1371 3079 1417 3118 in
1435 3093 1619 3131 corpora,
1639 3094 1714 3120 cur
1732 3093 1817 3119 non
1835 3081 1881 3119 in

221 3137 399 3177 eandem
419 3138 699 3178 substantiam
718 3139 909 3187 redeant,
930 3152 1025 3179 cum
1044 3140 1122 3179 hoc
1143 3141 1199 3180 sit
1217 3141 1387 3180 restitui
1408 3142 1453 3181 id
1473 3155 1574 3192 esse,
1589 3143 1701 3195 quod
1714 3142 1881 3182 fueratZ
1908 3135 1921 3146 ‘

223 3198 254 3239 J
257 3211 326 3239 am
344 3212 428 3240 non
446 3200 561 3253 ipsae
581 3205 692 3248 sunt,
711 3215 819 3253 quae
846 3201 1029 3253 fuerant,
1049 3203 1150 3255 quia
1177 3216 1262 3243 non
1289 3207 1519 3256 potuerunt
1547 3218 1647 3258 esse,
1667 3205 1779 3259 quod
1796 3218 1882 3245 non
