2124 3554
200 232 299 270 CAP.
322 225 540 278 XXXIX.]
614 217 877 270 adversus
920 215 1114 268 Gentes
1137 224 1244 284 pro
1287 215 1638 270 Christianis.
1765 230 1863 283 119

201 360 497 409 conscientia
521 360 767 424 religionis
791 365 841 408 et
865 358 1152 423 disciplinae
1171 358 1434 407 divinitate
1459 363 1510 407 et
1535 359 1638 421 spei
1661 359 1866 407 foedere.

201 442 396 491 Coimus
436 443 488 490 in
530 448 720 491 coetum
757 450 807 490 et
847 441 1285 505 congregationem,
1319 445 1376 489 ut
1416 441 1477 488 ad
1520 441 1693 500 Deum,
1732 441 1870 504 quasi

200 542 346 574 manu
380 527 523 585 facta,
560 525 918 589 precationibus
953 525 1236 573 ambiamus.
1307 524 1442 572 Haec
1477 523 1552 571 vis
1587 522 1693 571 Deo
1728 528 1872 586 grata

200 612 286 655 est.
359 607 567 656 Oramus
591 607 739 656 etiam
762 624 850 671 pro
873 607 1265 670 imperatoribus,
1284 624 1372 668 pro
1396 605 1681 654 ministeriis
1706 623 1871 654 eorum

200 707 254 737 ac
279 690 619 753 potestatibus,
641 707 728 753 pro
753 695 885 738 statu
908 689 1101 748 saeculi,
1122 706 1211 753 pro
1236 707 1401 737 rerum
1427 688 1604 752 quiete,
1628 705 1715 751 pro
1740 702 1873 734 mora
1889 699 1911 739 5

200 772 325 820 finis.
399 772 634 835 Cogimur
656 773 718 820 ad
742 772 1024 820 litterarum
1051 771 1332 820 divinarum
1357 769 1871 827 commemorationem,

202 854 243 902 si
268 854 386 917 quid
409 853 735 917 praesentium
759 860 1032 918 temporum
1056 853 1269 916 qualitas
1293 858 1380 901 aut
1403 869 1718 916 praemonere
1743 851 1875 913 cogit

202 941 289 983 aut
333 953 684 998 recognoscere.
755 935 901 984 Certe
948 936 1096 984 fidem
1139 936 1320 984 sanctis
1368 935 1568 983 vocibus
1616 933 1873 997 pascimus,

204 1035 336 1081 spem
371 1018 619 1081 erigimus,
654 1018 884 1066 fiduciam
918 1017 1129 1081 figimus,
1167 1018 1474 1081 disciplinam
1510 1021 1876 1080 praeceptorum

204 1101 516 1149 nihilominus
555 1101 609 1148 in
646 1100 1112 1164 compulsationibus
1159 1101 1446 1167 densamus;
1506 1100 1686 1147 ibidem
1727 1098 1876 1147 etiam
1899 1117 1946 1146 10

205 1182 615 1242 exhortationnes,
655 1183 997 1246 castigationes
1045 1186 1096 1229 et
1142 1199 1344 1230 censura
1383 1181 1564 1229 divina.
1659 1182 1788 1230 Nam
1829 1185 1880 1228 et

200 1264 453 1327 judicatur
482 1282 655 1329 magno
692 1282 800 1312 cum
836 1264 1060 1327 pondere,
1088 1269 1146 1312 ut
1182 1266 1313 1328 apud
1349 1268 1506 1312 certos
1542 1264 1602 1312 de
1637 1263 1734 1311 Dei
1770 1279 1878 1311 con-

205 1353 387 1409 spectu,
413 1364 748 1410 summumque
784 1346 941 1394 futuri
971 1346 1148 1408 judicii
1184 1347 1536 1410 praejudicium
1572 1351 1664 1405 est,
1693 1345 1734 1393 si
1769 1344 1880 1406 quis

205 1428 276 1476 ita
300 1429 573 1492 deliquerit,
598 1434 654 1476 ut
686 1446 715 1476 a
739 1428 1171 1476 communicatione
1209 1428 1441 1476 orationis
1467 1434 1516 1476 et
1541 1431 1806 1476 conventus
1831 1431 1882 1474 et

207 1510 362 1558 omnis
386 1511 539 1558 sancti
555 1509 828 1558 commercii
854 1510 1110 1573 relegetur.
1181 1510 1466 1558 Praesident
1490 1508 1681 1573 probati
1701 1508 1880 1572 quique
1900 1525 1947 1565 15

316 1614 419 1659 ipsa
437 1616 625 1659 negotia
656 1614 952 1652 Christianae
981 1614 1218 1661 factionis,
1249 1614 1260 1633 ‘
1274 1612 1348 1652 the
1376 1612 1465 1651 real
1494 1612 1601 1652 facts
1631 1611 1883 1662 concerning

206 1674 282 1714 the
299 1674 513 1714 Christian
533 1672 725 1726 society,’
748 1678 759 1694 ‘
776 1675 850 1714 the
870 1678 965 1714 true
983 1675 1174 1714 business
1195 1674 1241 1714 of
1257 1688 1335 1714 our
1356 1673 1471 1727 gild)

266 1746 301 1774 2.
330 1738 465 1782 quasi
483 1748 627 1775 manu
647 1738 787 1776 facta.
843 1737 885 1775 A
905 1736 1096 1788 military
1116 1736 1357 1787 expression
1375 1736 1483 1775 with
1497 1735 1632 1774 which
1649 1733 1884 1774 ambiamus

207 1797 292 1836 and
311 1797 427 1838 Haec
446 1799 512 1837 vis
531 1798 779 1849 coi-respond
795 1811 804 1845 ;
835 1798 947 1838 ‘like
966 1811 991 1837 a
1010 1798 1268 1837 marshalled
1294 1798 1503 1849 regiment
1522 1811 1585 1837 we
1603 1797 1768 1848 besiege
1788 1795 1883 1835 God

209 1860 315 1900 with
352 1874 428 1900 our
464 1874 664 1913 prayers;
703 1860 788 1900 and
817 1860 902 1900 this
934 1860 1124 1900 violence
1159 1861 1196 1899 is
1233 1861 1427 1912 pleasing
1463 1864 1509 1900 to
1546 1857 1679 1899 Him.’
1735 1859 1880 1909 Comp.

209 1921 251 1961 S.
273 1922 404 1962 Matt.
422 1923 478 1962 xi.
506 1934 566 1960 12.
1863 1939 1871 1949 κ

265 1995 305 2032 4.
336 1985 534 2022 Oramus
563 2013 573 2022 .
597 2013 606 2022 .
629 2013 638 2021 .
659 1995 745 2029 pro
765 1995 896 2022 mora
915 1985 1024 2022 finis
1043 1995 1052 2022 t
1084 1995 1152 2022 see
1172 1986 1285 2031 note,
1306 1982 1371 2023 ch.
1394 1994 1459 2033 32.

266 2044 304 2084 8.
335 2046 470 2084 Certe
497 2047 654 2094 fidem,
675 2046 753 2084 ete.
814 2045 892 2083 ‘In
921 2057 1004 2095 any
1032 2056 1127 2083 case
1148 2074 1158 2083 .
1180 2075 1189 2084 .
1213 2042 1252 2093 .,'
1275 2045 1304 2083 i.
1323 2057 1355 2083 e.
1379 2043 1571 2083 whether
1589 2043 1663 2083 the
1682 2054 1882 2094 praesen-

213 2106 319 2144 tium
338 2107 568 2157 temporum
587 2106 782 2157 qualitas
801 2105 1004 2145 demands
1023 2105 1333 2144 consideration
1352 2119 1400 2144 or
1417 2109 1505 2144 not.

271 2177 332 2206 10.
365 2169 418 2205 in
436 2169 900 2212 compulsationibus.
959 2166 1014 2205 So
1033 2166 1133 2205 Ood.
1155 2166 1277 2205 Fuld.
1303 2165 1361 2205 al.
1383 2165 1742 2204 inculcationibus.

273 2242 331 2280 13.
364 2233 515 2270 futuri
530 2233 700 2278 judicii
718 2233 1062 2278 praejudicium
1080 2234 1167 2269 est.
1224 2230 1265 2269 S.
1287 2231 1418 2270 Matt.
1434 2231 1552 2270 xviii.
1573 2231 1646 2278 183
1682 2242 1697 2268 1
1722 2230 1814 2269 Cor.
1840 2243 1880 2269 v.

217 2303 321 2343 3—53
355 2303 372 2330 1
395 2293 500 2333 Tim.
522 2293 548 2332 i.
572 2304 635 2332 2ο.
692 2292 834 2344 Comp.
856 2293 896 2332 S.
919 2292 1114 2331 Ambros.
1135 2292 1186 2331 de
1197 2293 1366 2343 paenit.
1388 2293 1416 2332 i.
1440 2306 1476 2333 2.

327 2357 369 2394 si
399 2358 505 2402 quis
540 2357 609 2395 ita
638 2357 906 2404 deliquerit,
939 2359 1012 2395 eto.
1068 2354 1169 2393 This
1199 2354 1411 2393 exclusion
1448 2354 1555 2393 from
1583 2353 1641 2393 all
1670 2353 1885 2393 Christian

216 2417 450 2468 fellowship
476 2417 512 2456 is
540 2416 615 2456 the
643 2417 743 2469 only
760 2416 868 2456 form
895 2415 942 2455 of
966 2415 1158 2455 Penance
1186 2416 1430 2455 mentioned
1458 2417 1516 2468 by
1533 2416 1783 2455 Tertullian.
1841 2416 1886 2454 It

215 2480 252 2519 is
273 2478 385 2530 fully
403 2478 619 2517 described
647 2478 699 2516 de
711 2491 834 2528 paen.
856 2489 895 2530 9,
915 2477 1048 2516 under
1076 2478 1132 2516 its
1161 2477 1301 2517 Greek
1329 2491 1451 2517 name
1480 2475 1782 2527 ἐξομολόγησις.
1840 2477 1885 2516 It

216 2540 484 2591 corresponds
498 2539 604 2579 with
614 2539 686 2588 τῆς
707 2537 921 2590 ἐκκλησίας
937 2536 1242 2582 ἀποβάλλεσθαι
1255 2539 1340 2578 and
1354 2537 1604 2577 παντάπασιν
1620 2536 1883 2577 ἐκκόπτεσθαι

218 2603 290 2652 τῆς
309 2602 523 2653 ἐκκλησίας
542 2603 587 2642 of
597 2602 671 2642 the
683 2603 835 2655 Apost.
855 2602 1019 2642 Canons
1035 2602 1122 2653 (28,
1136 2602 1222 2652 51).
1279 2603 1323 2641 A
1342 2603 1423 2642 less
1444 2615 1587 2642 severe
1606 2615 1780 2642 censure
1799 2615 1885 2642 was

219 2665 308 2704 alno
326 2665 556 2716 employed,
579 2664 716 2704 which
739 2664 948 2704 consisted
974 2664 1020 2703 in
1049 2676 1271 2702 severance
1301 2663 1407 2702 from
1432 2664 1730 2715 participation
1748 2665 1793 2703 in
1813 2664 1886 2703 the

220 2727 339 2779 Holy
358 2726 583 2765 Eucharist
602 2724 875 2778 (ἀφορισμός).
917 2725 1001 2764 For
1019 2724 1136 2776 early
1150 2724 1342 2775 patristic
1361 2725 1593 2765 references
1613 2730 1657 2765 to
1676 2725 1884 2774 Penance,

207 2780 288 2827 'see
316 2788 445 2827 Clem.
474 2787 596 2827 Rom.
624 2787 717 2827 Cor.
747 2787 774 2827 i.
798 2794 875 2838 573
904 2786 1021 2825 Past.
1052 2786 1200 2824 Herm.
1231 2785 1316 2826 Vis.
1338 2786 1399 2827 iii.
1424 2797 1474 2837 53
1506 2786 1646 2826 Simil.
1670 2796 1721 2838 73
1749 2800 1880 2838 comp.

220 2852 336 2891 Just.
358 2850 489 2889 Mart.
508 2848 642 2899 Apol.
665 2848 693 2888 i.
712 2860 791 2900 443
821 2847 905 2887 and
923 2848 1050 2895 Tert„
1071 2847 1220 2896 below,
1239 2847 1304 2888 ch.
1326 2859 1392 2899 44,
1412 2847 1464 2898 46
1480 2861 1490 2896 ;
1520 2849 1568 2888 de
1580 2848 1730 2900 pudic.
1753 2859 1792 2898 3,
1809 2849 1872 2888 18.

280 2922 343 2962 15.
371 2913 648 2949 Praesident
673 2911 864 2956 probati
894 2911 1069 2956 quique
1104 2911 1325 2949 seniores.
1382 2909 1484 2949 This
1514 2923 1687 2961 appears
1713 2913 1758 2949 to
1784 2911 1836 2950 be
1862 2923 1888 2949 a

221 2972 531 3012 non-technical
567 2971 860 3022 compendious
898 2970 1137 3022 expression
1175 2969 1395 3022 including
1431 2970 1535 3010 both
1578 2971 1757 3022 Bishops
1803 2971 1888 3010 and

223 3034 410 3081 Priests3
450 3045 583 3083 comp.
617 3032 668 3071 de
702 3044 840 3072 coron.
876 3042 914 3081 3,
944 3031 1084 3071 where
1115 3031 1355 3070 Tertullian
1392 3032 1541 3083 speaks
1579 3031 1625 3071 of
1658 3032 1732 3071 the
1770 3033 1889 3084 Holy

223 3094 448 3134 Eucharist
466 3094 591 3145 being
609 3092 800 3132 received
814 3092 923 3131 from
941 3091 1016 3132 the
1034 3091 1168 3131 hands
1189 3091 1234 3131 of
1249 3092 1323 3132 the
1342 3093 1354 3114 ‘
1369 3093 1579 3144 praesides
1593 3091 1603 3107 ’
1625 3093 1746 3132 alone
1763 3106 1773 3141 ;
1803 3093 1888 3132 and

223 3156 283 3195 ad
301 3169 418 3196 uxor.
441 3163 477 3206 7,
500 3155 639 3194 where
667 3154 721 3193 he
749 3153 910 3192 alludes
930 3157 975 3192 to
993 3153 1066 3192 the
1086 3153 1306 3204 Apostolic
1324 3153 1562 3206 injunction
1586 3166 1603 3193 1
1627 3155 1733 3194 Tim.
1754 3155 1815 3193 iii.
1836 3167 1855 3193 2
1873 3167 1883 3201 ;

224 3218 309 3256 Tit.
326 3217 353 3257 i.
370 3216 408 3265 6,
424 3216 665 3267 forbidding
694 3215 913 3267 digamists
925 3214 1186 3266 praesidere.
1242 3215 1395 3267 Bingh.
1416 3216 1472 3255 iv.
1495 3227 1531 3265 3.
1553 3229 1590 3267 4.
1649 3216 1887 3255 Elsewhere
