2124 3554
202 225 302 266 cn.
322 220 475 274 XL11.]
568 211 829 267 adversus
870 210 1065 265 Gentes
1089 219 1194 279 pro
1239 210 1585 266 Christianis.
1759 221 1862 278 129

203 358 363 409 nimus
398 357 603 422 gra-tiam
644 375 730 407 nos
765 357 938 406 debere
975 357 1078 405 Deo
1116 355 1328 405 Domino
1370 355 1595 405 Creatori
1609 373 1624 418 ;
1673 356 1864 404 nullum

202 437 416 485 fructum
455 453 655 500 operum
694 438 796 499 ejus
832 435 1177 499 repudiamus3
1229 436 1375 498 plane
1422 439 1762 498 temperamus,
1805 452 1869 483 ne

203 518 335 567 ultra
356 518 552 567 modum
577 523 665 567 aut
695 534 946 585 perperam
980 521 1193 565 utamur.
1265 517 1441 580 Itaque
1474 534 1571 564 non
1607 517 1711 564 sine
1745 517 1865 576 foro,

204 618 302 649 non
325 601 427 650 sine
453 602 666 660 mace110,
687 618 784 649 non
808 600 909 648 sine
932 599 1131 658 balneis,
1155 599 1384 658 tabernis,
1402 599 1618 658 officinis,
1645 598 1866 655 stabulis,

204 683 437 737 nundinis
466 683 657 742 vestris,
689 681 957 745 ceterisque
995 681 1290 729 commerciis
1322 681 1655 729 cohabitamus
1689 681 1742 728 in
1776 681 1906 733 hocf>

204 767 403 815 saeculo.
474 766 775 831 Navigamus
800 770 849 813 et
873 783 960 814 nos
982 764 1232 814 vobiscum
1257 769 1307 813 et
1330 764 1611 825 militamus,
1637 768 1687 812 et
1718 763 1867 812 rusti-

204 864 384 907 camur,
404 852 453 896 et
476 865 774 908 mercamur3
810 847 1010 911 proinde
1044 847 1298 894 miscemus
1323 852 1466 905 artes,
1486 863 1652 910 operas
1676 851 1868 894 nostras

206 930 508 993 publicamus
553 929 665 978 usui
709 935 885 979 vestro.
972 929 1223 990 Quomodo
1276 928 1571 977 infructuosi
1615 927 1870 977 videamur

206 1012 415 1076 negotiis
438 1013 627 1072 vestris,
651 1029 760 1060 cum
785 1012 962 1075 quibus
991 1015 1042 1059 et
1077 1011 1136 1059 de
1169 1011 1349 1075 quibus
1373 1011 1598 1070 vivimus,
1623 1027 1719 1059 non
1756 1011 1867 1058 scio.

208 1093 307 1142 Sed
339 1094 382 1142 si
416 1093 736 1142 caeremonias
760 1098 872 1142 tuas
907 1111 1003 1141 non
1038 1094 1311 1157 frequento,
1340 1098 1555 1141 attamen
1587 1096 1637 1141 et
1671 1092 1758 1140 illa
1789 1091 1866 1139 die
1886 1109 1937 1139 10

206 1176 348 1224 homo
371 1192 492 1224 sum.
546 1176 660 1224 Non
684 1176 791 1223 lavo
815 1176 904 1224 sub
928 1180 1118 1223 noctem
1143 1175 1500 1234 Saturnalibus,
1521 1191 1580 1223 ne
1605 1180 1653 1223 et
1677 1179 1870 1223 noctem

206 1262 257 1306 et
279 1258 408 1306 diem
431 1258 658 1322 perdam3
694 1262 909 1306 attamen
932 1258 1038 1307 lavo
1057 1262 1106 1306 et
1129 1259 1294 1307 debita
1318 1259 1435 1306 hora
1457 1263 1508 1306 et
1532 1256 1729 1317 salubri,
1747 1274 1870 1320 quae

207 1339 329 1388 mihi
355 1345 406 1388 et
429 1340 638 1388 calorem
661 1344 710 1388 et
734 1339 1021 1403 sanguinem
1049 1345 1206 1389 servet
1221 1356 1235 1400 ;
1272 1340 1431 1404 rigere
1462 1345 1512 1388 et
1546 1340 1728 1403 pallere
1759 1343 1869 1403 post

207 1422 454 1471 lavacrum
500 1427 723 1470 mortuus
768 1411 976 1485 possum.
1058 1423 1108 1470 N
1112 1440 1175 1470 on
1221 1422 1273 1470 in
1319 1423 1514 1486 publico
1559 1422 1869 1470 Liberalibus

206 1505 470 1564 discumbo,
511 1505 640 1568 quod
685 1504 927 1553 bestiariis
975 1522 1248 1568 supremam
1295 1504 1581 1553 cenantibus
1620 1521 1723 1552 mos
1760 1509 1939 1564 est315

206 1591 424 1635 attamen
451 1586 537 1634 ubi
565 1586 651 1634 ubi
676 1587 735 1634 de
759 1586 910 1650 copiis
941 1587 1041 1635 tuis
1071 1604 1200 1636 ceno.
1270 1587 1385 1634 Non
1417 1603 1524 1634 emo
1555 1586 1707 1650 capiti
1737 1603 1869 1634 coro-

207 1685 331 1716 nam.
385 1668 517 1728 Quid
535 1673 621 1717 tua
644 1669 861 1726 interest,
878 1669 1055 1732 emptis
1075 1669 1389 1717 nihilominus
1413 1668 1614 1717 floribus
1633 1669 1872 1732 quomodo

205 1752 353 1799 utar?
388 1756 506 1813 puto
529 1751 719 1814 gratius
745 1748 889 1818 [esse]
916 1751 1084 1799 liberis
1109 1755 1159 1800 et
1191 1751 1364 1800 solutis
1389 1757 1438 1799 et
1461 1751 1676 1814 undique
1699 1750 1869 1814 vagis3

208 1833 292 1881 sed
327 1832 420 1881 etsi
447 1833 499 1880 in
533 1850 757 1881 coronam
792 1834 982 1894 coactis,
1015 1851 1101 1882 nos
1136 1851 1360 1882 coronam
1395 1833 1595 1881 naribus
1629 1832 1870 1890 novimus,

207 1914 422 1963 viderint
448 1915 533 1978 qui
567 1932 655 1979 per
686 1915 915 1979 capillum
953 1915 1228 1964 odorantur.
1299 1915 1594 1978 Spectaculis
1629 1932 1726 1963 non
1762 1932 1869 1963 con·
1889 1925 1941 1954 20

208 1996 457 2056 venimus3
494 2014 617 2059 quae
651 2001 813 2045 tamen
847 1998 979 2060 apud
1013 1998 1122 2046 illos
1157 2002 1322 2046 coetus
1357 1997 1676 2045 venditantur
1713 1997 1755 2044 si
1789 1998 1871 2045 de-

210 2077 499 2138 sideravero,
523 2079 756 2127 libentius
789 2079 847 2127 de
872 2079 973 2127 suis
1005 2079 1121 2127 locis
1147 2096 1346 2127 sumam.
1436 2079 1567 2126 Tura
1601 2079 1745 2141 plane
1774 2096 1872 2126 non

209 2159 413 2207 emimus
435 2177 447 2219 3
508 2161 550 2208 si
594 2159 806 2209 Arabiae
854 2165 1139 2224 queruntur,
1190 2160 1343 2208 scient
1401 2159 1575 2209 Sabaei
1620 2159 1776 2224 pluris
1822 2166 1871 2209 et

270 2300 304 2329 1.
332 2292 518 2329 nullum
542 2292 748 2329 fructum
769 2321 779 2330 .
803 2321 812 2330 .
835 2320 845 2330 .
860 2293 1168 2337 *repudiamus
1187 2305 1199 2330 ι
1242 2294 1329 2330 ‘we
1357 2291 1411 2330 do
1437 2295 1511 2331 not
1537 2292 1668 2344 reject
1693 2291 1767 2331 the
1786 2291 1869 2331 due

212 2351 454 2403 enjoyment
480 2352 526 2391 of
548 2365 635 2404 any
654 2351 700 2391 of
722 2352 805 2391 His
823 2350 1009 2400 works‘3
1038 2366 1064 2391 a
1092 2352 1273 2392 dualism
1295 2353 1550 2405 resembling
1575 2366 1690 2393 more
1714 2366 1761 2393 or
1784 2354 1866 2393 less

213 2412 518 2452 Manichaeism
544 2427 630 2452 was
658 2414 758 2452 held
785 2413 841 2466 by
870 2426 982 2453 some
1014 2414 1214 2453 heretical
1240 2418 1359 2454 sects.
1415 2414 1545 2454 Clem.
1565 2415 1689 2454 Alex.
1717 2414 1868 2456 Strom.

212 2474 271 2513 iii.
293 2468 343 2522 63
371 2475 483 2514 Tert.
504 2475 603 2514 adv.
625 2475 765 2515 Marc.
784 2475 813 2514 i.
838 2485 899 2526 14.

271 2537 311 2578 6.
339 2539 585 2577 vobiscum
604 2540 651 2576 et
670 2540 941 2581 militamus.
988 2537 1066 2577 See
1083 2542 1195 2587 note,
1215 2538 1279 2577 ch.
1294 2539 1343 2589 38
1361 2552 1371 2587 ;
1398 2539 1477 2578 but
1494 2539 1616 2588 later,
1628 2540 1674 2578 in
1693 2539 1743 2579 de
1755 2539 1869 2591 pall.

215 2612 265 2652 53
304 2600 353 2639 de
389 2612 519 2639 coron.
554 2610 614 2644 11,
642 2599 877 2639 Tertullian
911 2599 1281 2639 discountenances
1312 2600 1503 2653 military
1530 2601 1689 2641 service
1719 2613 1766 2641 as
1804 2601 1870 2641 in·

213 2662 386 2713 volving
403 2673 459 2700 an
478 2660 578 2699 oath
596 2660 890 2712 incompatible
908 2661 1014 2700 with
1033 2661 1106 2700 the
1124 2662 1348 2713 baptismal
1367 2675 1473 2702 vow-

273 2735 334 2764 11.
367 2724 707 2762 Saturnalibus
776 2723 864 2762 The
893 2722 1167 2763 Saturnalian
1196 2723 1367 2763 festival
1393 2725 1532 2776 began
1558 2737 1614 2764 on
1641 2725 1872 2765 December

217 2793 280 2838 17,
312 2785 397 2825 and
424 2784 498 2824 the
526 2783 743 2836 following
770 2787 948 2824 salubri
979 2784 1108 2824 refers
1139 2789 1183 2825 to
1213 2785 1287 2825 the
1318 2786 1406 2825 risk
1433 2785 1480 2826 of
1507 2800 1533 2825 a
1565 2786 1668 2826 chill
1700 2787 1749 2826 in
1777 2787 1872 2827 001(1

214 2847 413 2887 weather.

273 2919 334 2959 14.
363 2909 678 2947 Liberalibus.
734 2906 824 2946 The
843 2907 1152 2948 Bacchanalian
1170 2908 1366 2957 festiva13
1393 2921 1523 2961 comp.
1545 2908 1597 2950 de
1612 2912 1738 2961 spect.
1758 2919 1805 2960 5:
1834 2911 1871 2951 it

213 2968 349 3021 began
367 2982 423 3008 on
442 2969 592 3008 March
615 2975 677 3019 17.

274 3040 335 3081 15.
364 3032 612 3070 bestiariis.
670 3029 748 3069 See
765 3033 877 3075 note,
898 3030 960 3070 ch.
982 3043 1020 3082 9.
1077 3031 1218 3083 Comp.
1239 3032 1352 3071 Acta·
1371 3031 1449 3072 SS.
1471 3031 1598 3085 Perp.
1620 3036 1659 3074 et
1677 3032 1763 3075 Fel.
1785 3046 1824 3086 4.

274 3089 338 3132 16.
368 3093 479 3130 Non
498 3103 602 3131 emo
622 3093 766 3137 capiti
784 3103 1016 3133 coronam.
1072 3092 1148 3132 See
1169 3093 1217 3133 de
1236 3103 1374 3133 coron.
1398 3104 1436 3145 5.

273 3162 339 3193 20.
365 3154 588 3192 viderint.
646 3152 723 3192 See
742 3157 854 3201 note,
875 3153 941 3195 eh.
966 3152 1028 3193 16.

274 3223 336 3252 22.
367 3215 493 3254 Tura
510 3216 648 3261 plane
667 3226 765 3253 non
783 3217 993 3255 emimus.
1050 3214 1128 3256 See
1146 3220 1259 3267 note,
1278 3217 1341 3257 ch.
1365 3227 1430 3266 30.

1021 3299 1062 3335 Κ
