2124 3554
240 237 343 299 146
711 235 1048 288 Tertulliani
1081 235 1133 287 A
1128 235 1461 303 polegetz'cus
1584 244 1708 298 [cm.
1731 250 1923 289 XLVm.

235 379 550 444 Ubicumque
575 380 820 429 resolutus
845 379 1014 438 fueris,
1041 396 1372 443 quaecumque
1397 385 1446 428 te
1471 381 1676 430 materia
1699 383 1924 432 destrux-

234 463 348 523 erit,
384 463 620 523 hauserit,
657 463 941 523 aboleverit,
978 463 1032 510 in
1068 462 1283 510 nihilum
1319 463 1615 528 prodegerit,
1651 466 1825 514 reddet
1861 472 1925 515 te.

236 546 358 609 Ejus
382 551 458 595 est
481 546 692 595 nihilum
716 546 892 610 ipsum,
918 549 1059 609 cujus
1084 550 1134 594 et
1157 550 1333 595 totum.

315 630 464 693 Ergo,
502 629 725 693 inquitis,
751 647 944 693 semper
978 629 1283 677 moriendum
1314 628 1424 689 erit,
1454 633 1503 679 et
1539 647 1730 695 semper
1762 649 1926 681 resur-

195 727 217 768 5
234 714 464 777 gendum.
538 712 593 762 Si
628 713 702 761 ita
737 730 903 761 rerum
929 712 1174 761 Dominus
1212 712 1520 773 destinasset,
1546 713 1756 778 ingratis
1779 731 1925 779 expe-

233 796 401 846 rireris
427 795 724 845 conditionis
743 800 858 845 tuae
882 797 1054 860 legem.
1111 795 1183 844 At
1207 813 1338 844 nunc
1361 813 1462 844 non
1480 795 1623 845 aliter
1642 797 1925 856 destinavit,

234 897 381 944 quam
415 879 732 943 praedicavit.
805 879 943 940 Quae
979 879 1107 927 ratio
1144 878 1525 928 universitatem
1549 895 1611 928 ex
1639 879 1928 929 diversitate

234 963 521 1026 composuit,
548 968 606 1011 ut
630 962 793 1011 omnia
816 980 876 1012 ex
904 962 1111 1011 aemulis
1150 962 1442 1012 substantiis
1475 963 1565 1011 sub
1601 963 1797 1012 unitate
1821 980 1926 1012 con·

235 1050 426 1094 starent
450 1062 511 1093 ex
534 1062 687 1094 vacuo
718 1050 769 1094 et
802 1046 969 1105 solido,
995 1063 1058 1094 ex
1093 1045 1295 1094 animali
1331 1049 1384 1094 et
1418 1044 1690 1105 inanimali,
1718 1063 1779 1094 ex
1803 1063 1927 1095 com·

170 1150 222 1178 10
235 1128 558 1193 prehensibili
601 1132 653 1177 et
693 1128 1196 1193 incomprehensibili,
1240 1145 1302 1177 ex
1348 1128 1457 1177 luce
1500 1133 1551 1178 et
1593 1128 1825 1187 tenebris,
1867 1147 1930 1178 ex

234 1212 344 1276 ipsa
376 1211 483 1260 vita
517 1215 569 1260 et
604 1217 797 1273 morte3
836 1213 1005 1261 eadem
1041 1229 1217 1260 aevum
1253 1228 1448 1276 quoque
1483 1211 1559 1260 ita
1594 1212 1841 1261 destinata
1874 1229 1931 1262 ac

236 1294 474 1344 distincta
499 1294 783 1344 condicione
810 1295 1076 1355 conseruit,
1096 1300 1153 1344 ut
1177 1294 1339 1359 prima
1363 1295 1481 1344 haec
1505 1312 1620 1360 pars
1645 1296 1707 1345 ab
1730 1295 1932 1345 exordio

238 1396 418 1438 rerum,
456 1396 606 1442 quam
645 1378 921 1440 incolimus,
959 1379 1216 1443 temporali
1255 1383 1415 1427 aetate
1451 1379 1513 1427 ad
1547 1379 1696 1428 finem
1732 1379 1931 1438 defluat,

156 1462 158 1469 ’
237 1478 445 1527 sequens
481 1479 612 1521 vero,
651 1479 801 1525 quam
837 1466 1189 1526 exspectamus,
1218 1462 1272 1509 in
1307 1461 1555 1511 infinitam
1587 1462 1932 1511 aeternitatem

175 1563 221 1604 15
238 1549 552 1610 propagetur.
628 1545 756 1594 Cum
781 1563 896 1609 ergo
928 1545 1042 1594 finis
1066 1551 1116 1594 et
1148 1545 1288 1593 limes
1323 1545 1528 1605 medius,
1555 1545 1641 1610 qui
1675 1545 1931 1606 interhiat,

238 1628 467 1688 adfuerit,
502 1632 561 1677 ut
597 1628 750 1677 etiam
784 1629 958 1677 mundi
994 1628 1153 1692 ipsius
1190 1627 1374 1693 species
1410 1629 1742 1677 transferatur
1776 1645 1931 1693 aeque

240 1713 545 1777 temporalis,
596 1730 720 1777 quae
767 1713 844 1762 illi
893 1711 1206 1777 dispositioni
1252 1711 1560 1761 aeternitatis
1619 1711 1779 1760 aulaei
1824 1711 1932 1761 vice

241 1813 462 1862 oppansa
504 1801 609 1856 est3
663 1803 779 1846 tunc
825 1796 1122 1846 restituetur
1164 1813 1303 1844 omne
1345 1795 1617 1845 humanum
1658 1811 1828 1858 genus,
1869 1793 1933 1843 ad

242 1880 626 1945 expungendum
664 1880 796 1944 quod
833 1879 887 1928 in
924 1880 1021 1929 isto
1059 1896 1179 1929 aevo
1214 1878 1330 1928 boni
1368 1895 1455 1928 seu
1493 1878 1611 1927 mali
1650 1878 1846 1937 meruit,
1883 1882 1936 1927 et

300 1990 340 2030 4.
371 1980 514 2026 Ergo,
534 1979 753 2026 inquitis,
779 1989 966 2023 semper
983 1977 1289 2016 moriendum
1308 1976 1415 2016 erit.
1474 1975 1598 2028 Ergo
1626 1975 1744 2015 looks
1761 1975 1870 2016 back
1888 1982 1935 2015 to

245 2039 322 2080 the
341 2040 555 2092 analogies
576 2040 770 2080 addueed
798 2040 908 2079 from
936 2039 1108 2079 Nature
1134 2039 1181 2078 in
1208 2039 1284 2078 the
1311 2051 1488 2091 passage
1516 2039 1651 2078 above
1680 2041 1692 2061 ‘
1707 2038 1803 2078 Lux
1829 2051 1933 2092 quo-

245 2100 380 2153 tidie,’
402 2106 476 2142 ete.
534 2102 656 2156 They
674 2102 821 2155 imply,
842 2103 878 2142 it
899 2102 935 2141 is
957 2101 1064 2151 said,
1086 2115 1111 2141 a
1128 2114 1374 2141 recurrence
1394 2100 1441 2140 of
1456 2100 1606 2140 deaths
1626 2100 1713 2140 and
1727 2114 1937 2143 resurrec-

246 2167 372 2207 tions.
430 2166 671 2206 Tertullian
700 2166 853 2218 tacitly
881 2165 1052 2215 admitti,
1080 2165 1160 2205 but
1183 2177 1325 2217 passes
1350 2165 1410 2217 by
1437 2164 1510 2204 the
1536 2165 1775 2217 objection;
1814 2165 1937 2206 these

247 2228 462 2281 analogies
479 2227 553 2282 (he
567 2227 709 2269 would
727 2228 865 2281 reply)
883 2241 956 2267 are
974 2227 1270 2277 illustrations,
1284 2230 1362 2266 not
1381 2230 1639 2279 arguments.
1697 2227 1776 2268 See
1795 2227 1935 2280 Kaye‚

247 2308 287 2347 p.
313 2295 407 2346 258.

305 2356 343 2397 6.
374 2357 682 2405 conditionis,
703 2359 716 2379 ‘
728 2354 963 2405 creation’;
991 2369 1038 2396 as
1068 2355 1213 2404 above,
1241 2354 1306 2395 ch.
1331 2365 1381 2406 19
1409 2355 1529 2408 frag„
1557 2357 1570 2378 ‘
1586 2355 1736 2395 mundi
1758 2354 1937 2395 conditi-

250 2420 341 2459 onis
355 2420 386 2469 ';
405 2420 455 2460 de
475 2421 605 2470 spec-t.
629 2431 648 2458 2
667 2432 677 2467 ;
707 2419 756 2459 de
777 2418 996 2469 aulaf-em.
1019 2420 1047 2459 i.
1070 2419 1108 2459 8.
1166 2418 1270 2458 This
1288 2430 1383 2457 rare
1402 2417 1520 2458 word
1542 2417 1753 2469 (confined
1771 2421 1816 2458 to
1836 2417 1938 2458 eccl.

248 2486 395 2536 latin),
416 2485 526 2524 from
556 2486 705 2536 condo,
725 2489 842 2525 must
867 2485 922 2525 be
951 2484 1266 2537 distinguished
1285 2483 1393 2523 from
1414 2484 1612 2534 condicio,
1632 2483 1741 2523 from
1769 2484 1938 2524 condico

252 2551 444 2604 (whence
456 2564 532 2590 our
544 2551 724 2603 English
738 2551 857 2591 word
874 2553 885 2572 ‘
894 2550 1111 2590 condition
1122 2550 1175 2601 ’);
1196 2563 1264 2589 see
1275 2549 1411 2589 below
1419 2550 1439 2584 .‘
1452 2548 1658 2589 distincta
1673 2548 1916 2589 condicione
1926 2548 1938 2565 '

252 2616 338 2657 and
344 2618 469 2670 freq.
527 2616 572 2656 It
592 2617 628 2656 is
647 2617 730 2656 less
749 2616 882 2668 likely
900 2620 946 2656 to
964 2616 1016 2655 be
1036 2615 1238 2655 confused
1259 2615 1366 2654 with
1385 2615 1572 2655 conditio
1590 2613 1699 2654 from
1724 2615 1882 2655 condio.

309 2692 349 2732 9.
380 2692 439 2720 ex
458 2680 884 2726 comprehensibili
902 2692 911 2718 :
941 2678 988 2719 of
1001 2678 1160 2727 literal‚
1177 2681 1254 2717 not
1273 2677 1556 2727 intellectual,
1572 2677 1941 2730 comprehension3

254 2756 321 2783 see
342 2746 455 2790 note,
477 2742 542 2783 ch.
570 2750 634 2794 17.

312 2815 330 2844 1
342 2815 376 2844 1.
407 2816 595 2854 aevum,
619 2806 630 2825 ‘
642 2801 779 2852 time,’
796 2816 843 2843 or
861 2802 1019 2851 rather,
1044 2801 1145 2842 ‘the
1164 2800 1300 2841 whole
1327 2814 1473 2841 course
1492 2799 1539 2841 of
1551 2798 1707 2854 being,‘
1727 2802 1846 2849 υἱέας
1874 2799 1938 2839 in-

253 2867 427 2919 cluding
449 2866 538 2906 this
555 2866 632 2906 life
651 2866 736 2905 and
755 2866 830 2906 the
848 2869 952 2906 next
969 2879 978 2913 ;
1010 2878 1078 2904 see
1097 2868 1213 2914 note,
1233 2864 1299 2903 ch.
1325 2864 1389 2903 18.

313 2940 377 2979 15.
398 2931 507 2968 finis
521 2934 568 2969 et
582 2931 720 2969 limes>
730 2930 926 2974 medius,
942 2929 1025 2975 qui
1040 2929 1287 2976 interhiat,
1304 2929 1316 2949 ‘
1332 2926 1405 2966 the
1418 2926 1501 2966 end
1516 2925 1602 2966 and
1612 2924 1940 2977 mid-boundary

256 2991 395 3032 which
429 3004 575 3044 yawns
605 2988 822 3031 between'
838 3003 849 3038 ;
878 2990 908 3030 i.
923 3003 953 3030 e.
990 2989 1185 3028 between
1218 2988 1294 3027 the
1319 2988 1465 3039 prima
1487 2999 1596 3038 pare
1623 2987 1720 3027 aevi
1747 2986 1832 3026 and
1860 2985 1937 3025 the

254 3066 433 3105 sequens
446 3067 553 3106 pars
574 3054 680 3092 aevi.
740 3053 763 3092 I
784 3052 838 3092 do
865 3055 942 3092 not
970 3050 1234 3091 understand
1264 3050 1386 3089 limes
1403 3044 1569 3089 medius
1596 3052 1642 3089 to
1660 3048 1835 3089 eontain
1854 3061 1940 3100 any

255 3115 470 3155 reference
499 3120 543 3156 to
574 3104 848 3155 Tertullian’s
873 3113 1083 3154 chiliastic
1103 3113 1322 3165 opinions3
1350 3113 1429 3153 but
1449 3125 1518 3152 see
1537 3114 1651 3161 note,
1672 3109 1763 3150 Lib.
1785 3109 1911 3149 Fata.
1930 3123 1939 3159 ;

257 3190 390 3230 comp.
412 3178 570 3219 Lucan.
592 3178 620 3217 i.
642 3185 738 3230 457,
761 3178 938 3230 ‘longae
959 3207 968 3215 .
992 3207 1001 3217 .
1024 3207 1034 3216 .
1057 3176 1171 3216 vitae
1192 3176 1310 3215 Mors
1331 3173 1471 3215 media
1490 3171 1580 3214 est!

315 3238 378 3279 16.
409 3243 577 3279 mundi
598 3242 752 3287 ipsius
772 3242 954 3286 species
973 3240 1315 3279 transferatur:
1351 3249 1368 3277 1
1392 3237 1487 3277 Gor.
1507 3235 1579 3276 vii.
1603 3245 1651 3287 31
1670 3247 1680 3284 ;
1716 3246 1733 3274 1
1758 3234 1799 3275 S.
1821 3234 1941 3276 John

257 3303 301 3343 ii.
325 3310 375 3355 17
394 3315 405 3352 3
434 3302 476 3342 S.
498 3303 630 3343 Matt.
651 3302 766 3342 xxiv.
789 3312 855 3354 35.
