2124 3554
186 267 284 305 cn.
302 258 463 311 xxm]
572 250 833 305 adversus
874 250 1066 303 Gentes
1091 258 1196 317 pro
1239 248 1587 303 Christiania
1785 245 1849 298 81

187 395 454 459 Melampus
478 391 642 459 Argis,
668 393 971 458 Trophonius
996 393 1222 441 Boeotiae
1246 391 1609 440 initiationibus
1633 391 1854 439 homines

185 478 555 541 obligaverunt,
598 481 655 525 ut
682 477 744 525 ad
767 494 851 526 vos
885 493 1077 540 quoque
1107 474 1435 523 dominatores
1467 473 1693 537 gentium
1725 474 1852 536 aspi-

186 560 323 619 ciam,
347 560 488 607 homo
511 558 607 607 fuit
631 559 895 623 Pompilius
920 559 1097 616 Numa,
1125 557 1210 621 qui
1235 558 1476 605 Romanos
1501 555 1854 619 operosissimis

187 626 612 705 superstitionibus
650 633 883 697 oneravit.
955 640 1174 689 Licuerit
1209 646 1258 688 et
1295 639 1497 688 Christo
1533 636 1853 687 commentari

188 723 498 772 divinitatem
527 741 628 771 rem
663 723 945 786 propriam,
993 740 1089 771 non
1121 721 1206 785 qui
1238 721 1430 785 rupices
1459 724 1511 768 et
1541 720 1701 768 adhuc
1724 719 1852 767 feros
1870 746 1897 787 5

186 804 404 853 homines
438 805 755 854 multitudine
786 809 865 854 tot
896 804 1152 853 numinum
1184 803 1587 852 demerendorum
1621 802 1853 850 attonitos

188 886 435 935 efficiendo
458 888 521 935 ad
543 887 898 935 humanitatem
921 889 1225 949 temperaret,
1250 886 1381 949 quod
1406 885 1574 933 Numa
1593 901 1605 945 ;
1657 884 1742 932 sed
1768 883 1855 948 qui

182 972 286 1031 jam
325 970 566 1033 expolitos
608 975 656 1020 et
696 970 804 1033 ipsa
848 969 1127 1018 urbanitate
1175 968 1401 1032 deceptos
1448 967 1504 1014 in
1551 967 1856 1029 agnitionem

187 1051 408 1100 veritatis
443 1053 672 1102 ocularet.
744 1051 977 1113 Quaerite
1011 1067 1141 1113 ergo,
1167 1050 1209 1098 si
1237 1068 1354 1099 vera
1390 1050 1456 1097 sit
1492 1049 1589 1098 ista
1624 1048 1856 1097 divinitas

191 1133 392 1185 Christi.
465 1135 519 1183 Si
548 1153 604 1183 ea
631 1140 718 1194 est,
743 1152 839 1198 qua
866 1134 1063 1197 cognita
1095 1133 1159 1182 ad
1190 1134 1371 1181 bonum
1404 1133 1514 1196 quis
1549 1132 1854 1189 reformetur,
1875 1154 1925 1182 10

190 1218 422 1280 sequitur,
461 1222 518 1266 ut
557 1218 682 1267 falsa
720 1217 1029 1266 renuntietur
1066 1216 1266 1280 quaevis
1307 1216 1405 1264 alia
1447 1215 1690 1263 contraria
1727 1231 1855 1262 com-

190 1305 330 1362 perta
344 1316 357 1360 3
416 1299 655 1364 imprimis
701 1299 788 1348 illa
833 1299 967 1347 omni
1012 1299 1215 1356 ratione,
1258 1315 1380 1362 quae
1427 1297 1716 1346 delitescens
1765 1297 1855 1346 sub

190 1381 467 1430 nominibus
502 1386 552 1430 et
585 1381 880 1445 imaginibus
913 1384 1231 1440 mortuorum,
1271 1380 1564 1444 quibusdam
1601 1379 1768 1442 signis,
1807 1384 1858 1428 et

191 1463 450 1524 miraculiS‚
479 1468 528 1513 et
551 1464 757 1513 oraculis
779 1463 927 1512 fidem
950 1463 1226 1512 divinitatis
1251 1467 1493 1526 operatur.

812 1630 1037 1679 CAPUT
1075 1630 1243 1680 XXII.
1878 1656 1928 1697 15

258 1741 440 1797 ATQUE
475 1741 593 1790 adeo
625 1739 843 1799 dicimus,
869 1757 971 1789 esse
997 1740 1298 1789 substantias
1325 1740 1554 1804 quasdam
1580 1739 1858 1804 spiritales3

192 1842 279 1873 nec
302 1841 478 1872 nomen
508 1841 686 1873 novum
712 1828 797 1873 est.
869 1823 1038 1873 Sciant
1063 1824 1320 1872 daemonas
1344 1823 1636 1888 philosophi,
1660 1823 1860 1871 Socrate

191 1907 297 1971 ipso
333 1907 394 1955 ad
428 1907 668 1956 daemonii
705 1907 963 1955 arbitrium
1004 1911 1325 1971 exspectante.
1398 1907 1617 1968 Quidni‘l
1665 1924 1775 1955 cum
1811 1910 1860 1953 et

191 1989 289 2053 ipsi
318 1989 622 2038 daemonium
647 1990 918 2038 adhaesisse
943 2007 972 2037 a
994 1990 1210 2053 pueritia
1243 1989 1448 2049 dicatur,
1473 1989 1859 2037 dehortatorium

191 2072 334 2135 plane
390 2090 419 2120 a
472 2073 608 2120 bono.
703 2072 976 2120 Daemonas
1032 2072 1192 2120 sciunt
1248 2076 1435 2135 poetae,
1478 2072 1635 2125 >etiam
1681 2071 1860 2134 vulgus
1877 2093 1932 2122 20

251 2212 288 2241 Ι.
318 2203 583 2248 Melampus
602 2204 747 2248 Argis
767 2214 777 2241 ε
808 2203 882 2241 the
902 2202 995 2241 first
1016 2201 1259 2254 soothsayer
1277 2202 1363 2241 and
1380 2201 1598 2254 physician
1616 2215 1769 2253 among
1788 2202 1861 2241 the

195 2265 385 2304 ancients
401 2277 411 2311 ;
439 2265 491 2303 he
510 2264 758 2303 introduced
776 2265 850 2304 the
869 2265 1050 2316 worship
1072 2264 1118 2303 of
1134 2265 1348 2316 Dionysus
1366 2265 1458 2303 into
1477 2266 1648 2313 Greece,
1663 2265 1748 2304 and
1767 2265 1861 2304 sub-

196 2327 416 2378 sequently
434 2326 554 2365 ruled
573 2326 788 2365 one-third
816 2326 862 2365 of
885 2326 959 2366 the
987 2327 1189 2378 kingdom
1217 2326 1263 2365 of
1286 2327 1452 2378 Argos3
1480 2327 1626 2366 Cicero
1653 2327 1702 2366 de
1721 2327 1793 2377 leq.
1813 2327 1855 2366 ii.

200 2398 217 2426 1
253 2419 262 2428 .
341 2417 350 2426 .

226 2400 248 2439 3
286 2398 604 2495 ‘zi'rophonius
623 2451 873 2489 Boeotiae:
903 2448 977 2488 the
997 2449 1134 2488 oracle
1153 2448 1199 2488 of
1209 2448 1398 2489 Lebadia
1417 2449 1464 2488 in
1482 2448 1659 2488 Boeotia
1676 2463 1686 2497 ;
1715 2450 1857 2489 Cicero

196 2512 248 2552 de
267 2515 357 2552 nat.
379 2511 487 2551 deor.
509 2511 570 2551 iii.
598 2523 658 2563 19.
680 2523 733 2563 49
753 2524 762 2559 ;
793 2511 844 2550 de
864 2510 949 2550 div.
971 2512 999 2552 i.
1023 2523 1086 2562 34.
1111 2519 1174 2563 74.

251 2580 289 2618 4.
323 2568 534 2607 Licuerit
563 2571 611 2605 et
640 2568 840 2606 Christo.
901 2568 912 2586 ‘
929 2566 1031 2605 And
1060 2579 1104 2604 so
1133 2566 1168 2605 it
1195 2565 1338 2605 would
1365 2565 1475 2605 have
1502 2565 1610 2605 been
1637 2566 1862 2606 allowable

195 2630 260 2669 for
278 2629 435 2676 Christ,
454 2632 539 2676 t00,
562 2632 608 2668 to
628 2633 692 2668 set
709 2629 822 2668 forth
841 2629 924 2668 His
944 2629 1050 2668 Own
1069 2628 1268 2680 Divinity
1283 2641 1294 2676 ;
1322 2632 1411 2678 not,
1443 2628 1531 2668 like
1559 2628 1719 2676 Numa,
1748 2628 1859 2668 after

196 2706 222 2732 a
240 2691 412 2730 method
430 2691 488 2742 by
506 2690 644 2730 which
666 2689 774 2742 (qut)
796 2691 866 2729 He
883 2690 1020 2742 might
1039 2690 1175 2730 soften
1197 2719 1206 2728 .
1225 2719 1238 2730 .
1262 2721 1271 2730 .
1291 2703 1301 2738 3
1330 2690 1409 2729 but
1422 2690 1619 2742 whereby
1638 2691 1708 2729 He
1722 2691 1859 2742 might

197 2752 416 2805 enlighten
435 2756 480 2791 to
500 2752 573 2791 the
593 2752 895 2803 apprehension
917 2753 962 2791 of
976 2753 1049 2792 the
1068 2752 1215 2792 Truth.
1239 2782 1249 2792 .
1272 2783 1281 2792 .
1303 2750 1329 2792 .’
1387 2752 1472 2791 For
1490 2751 1577 2791 this
1597 2765 1669 2790 use
1695 2752 1740 2790 of
1764 2765 1859 2792 ocu-

199 2815 288 2855 lare
307 2828 376 2854 see
396 2814 448 2852 de
460 2815 627 2866 paenit.
653 2825 698 2853 12
718 2826 729 2863 ς
757 2814 841 2854 and
860 2815 984 2866 prr.
1006 2814 1056 2854 de
1074 2814 1176 2854 idol.
1196 2826 1293 2853 van.
1314 2825 1375 2865 14,
1399 2814 1444 2852 in
1464 2827 1490 2853 a
1509 2814 1805 2865 reproduction
1818 2814 1864 2853 of

197 2877 284 2918 this
303 2889 487 2929 passage.

255 2950 320 2991 14.
349 2941 491 2978 fidem
521 2939 789 2977 divinitatis
825 2942 1057 2987 operatur,
1089 2939 1099 2958 ‘
1115 2938 1234 2990 gains
1274 2951 1300 2977 a
1338 2938 1536 2978 credence
1569 2936 1633 2976 for
1675 2937 1733 2977 its
1766 2951 1860 2976 own

199 2998 412 3052 divinity?

256 3070 319 3114 17.
351 3064 539 3102 Socrate
562 3091 574 3102 .
606 3092 615 3101 .
647 3090 657 3101 .
678 3065 1003 3107 exspectante:
1034 3061 1146 3101 Plat.
1168 3061 1296 3112 Apol.
1322 3073 1388 3113 19,
1411 3072 1458 3111 31
1479 3074 1489 3109 ;
1518 3073 1648 3114 comp.
1673 3060 1858 3100 Phaedr.

200 3135 268 3176 43,
292 3123 444 3174 Theay.
470 3134 546 3171 10;
576 3122 767 3174 Xenoph.
790 3123 913 3163 Mem.
935 3123 963 3162 i.
987 3134 1005 3162 1
1027 3136 1037 3170 3
1067 3124 1189 3175 Diog.
1208 3123 1348 3163 Laert.
1370 3124 1412 3162 ii.
1438 3134 1502 3172 32.

135 3216 137 3218 .
258 3197 320 3225 20.
348 3190 526 3232 poetae.
575 3185 717 3238 Oomp.
744 3185 895 3226 Euseb.
927 3198 1069 3237 praep.
1101 3198 1245 3237 evany.
1276 3199 1316 3226 v,
1346 3197 1397 3238 45
1438 3185 1549 3225 Plat.
1582 3182 1748 3236 Cratyl.
1779 3195 1860 3234 323

200 3247 357 3299 Repub.
377 3260 416 3286 v.
442 3257 502 3297 15.

1009 3329 1045 3366 G
