2124 3554
242 203 312 268 84
705 207 1042 261 Tertulliani
1072 209 1125 261 Α
1120 210 1450 279 polegetz'cus
1645 218 1767 273 [CAP.
1786 224 1922 262 XXII.

239 366 402 412 quam.
486 350 838 416 Dispositiones
885 353 1035 402 etiam
1086 354 1195 414 Dei,
1243 360 1293 404 et
1343 359 1462 404 tunc
1509 356 1763 421 prophetis
1810 375 1923 407 con-

239 431 549 484 cionantibus
603 440 912 501 exceperunt,
961 442 1012 485 et
1062 454 1193 485 1111110
1243 437 1535 487 lectionibus
1583 441 1923 489 resonantibus

240 523 465 582 carpunt.
534 519 619 568 Ita
653 525 702 569 et
737 520 853 568 hinc
890 525 1137 570 sumentes
1174 522 1408 585 quasdam
1442 529 1718 587 temporum
1754 531 1922 580 sortes,
2002 593 2004 595 .

238 603 551 652 aemulantur
574 602 885 652 divinitatem
909 604 1028 652 dum
1050 605 1281 653 furantur
1303 605 1668 656 divinationem.

199 710 223 753 5
305 686 368 733 In
394 686 603 734 oraculis
634 690 801 735 autem
829 704 925 751 quo
961 687 1158 750 ingenio
1194 688 1543 752 ambiguitates
1577 694 1853 755 temperent
1872 691 1924 740 in

237 773 458 828 eventus,
486 768 649 818 sciunt
684 769 866 829 Croesi,
899 770 1061 822 sciunt
1098 770 1289 833 Pyrrhi.
1360 772 1594 822 Ceterum
1622 773 1924 823 testudinem

238 851 445 915 decoqui
468 867 578 899 cum
610 852 840 902 carnibus
864 853 1064 917 pecudis
1098 853 1308 916 Pythius
1341 872 1397 904 eo
1430 857 1571 905 modo
1603 857 1923 915 renuntiavit,

237 951 334 998 quo
360 952 512 998 supra
534 935 776 996 diximus;
813 943 1062 986 momento
1089 938 1221 1002 apud
1245 939 1454 1002 Lydiam
1476 941 1651 990 fuerat.
1723 942 1925 992 Habent

237 1018 298 1066 de
338 1017 558 1067 incolatu
600 1019 725 1068 aeris
768 1025 819 1068 et
861 1020 920 1068 de
964 1020 1146 1070 vicinia
1188 1021 1404 1071 siderum
1443 1029 1494 1072 et
1535 1024 1596 1073 de
1642 1025 1925 1074 commercio

172 1123 221 1152 10
237 1101 444 1149 nubium
479 1102 710 1151 caelestes
747 1119 915 1166 sapere
950 1110 1225 1167 paraturas,
1257 1110 1316 1154 ut
1351 1110 1402 1155 et
1436 1107 1647 1172 pluvias,
1672 1125 1792 1172 quas
1821 1108 1924 1173 jam

236 1184 470 1244 sentiunt,
507 1186 866 1249 repromittant.
937 1186 1159 1236 Venefici
1194 1188 1338 1252 plane
1375 1194 1426 1239 et
1461 1190 1593 1239 circa
1627 1208 1770 1240 curas
1793 1191 1924 1240 vale-

234 1268 479 1317 tudinum.
550 1269 778 1318 Laedunt
802 1269 932 1318 enim
956 1270 1131 1334 primo,
1157 1271 1333 1321 dehinc
1366 1274 1583 1322 remedia
1613 1273 1924 1339 praecipiunt

234 1353 298 1400 ad
350 1352 645 1402 miraculum
696 1370 836 1414 nova,
886 1352 990 1402 sive
1042 1356 1303 1415 contraria,
1353 1361 1464 1420 post
1521 1374 1645 1422 quae
1691 1358 1925 1407 desinunt

235 1435 442 1495 laedere,
482 1440 533 1484 et
571 1453 765 1485 curasse
806 1437 1093 1485 creduntur.
1183 1437 1316 1499 Quid
1364 1457 1479 1503 ergo
1519 1441 1581 1489 de
1629 1441 1807 1490 ceteris
1849 1441 1924 1489 in-.

168 1537 218 1578 15
236 1518 393 1583 geniis
417 1519 498 1569 vel
532 1519 682 1567 etiam
706 1519 895 1569 viribus
931 1520 1153 1570 fallaciae
1189 1521 1427 1585 spiritalis
1462 1523 1738 1585 edisseram,
1765 1524 1923 1589 phan÷

237 1607 447 1652 t-asmata
496 1602 773 1664 Castorum,
822 1607 872 1652 et
920 1621 1098 1668 aquam
1147 1604 1306 1654 cribro
1353 1610 1609 1670 gestatam,
1652 1614 1703 1657 et
1751 1625 1924 1656 navem

297 1762 335 1790 1.
366 1752 721 1798 Dispositiones
752 1754 898 1791 etiam
933 1754 1034 1799 Dei,
1073 1751 1172 1792 ‘the
1204 1753 1398 1793 counsels
1430 1753 1478 1794 of
1504 1754 1648 1805 God’3
1677 1767 1723 1795 so
1756 1754 1820 1795 ch.
1853 1766 1924 1807 41,

241 1814 450 1854 ‘admitte
482 1814 599 1866 prius
631 1813 928 1866 dispositiones
958 1811 1078 1866 ejus?
1134 1814 1279 1867 Comp.
1309 1816 1429 1856 Just.
1459 1816 1593 1858 Mart.
1624 1816 1751 1869 Apol.
1782 1817 1808 1856 i.
1842 1827 1923 1868 543

237 1876 337 1930 Cyr.
353 1877 384 1916 J
389 1889 446 1916 er.
467 1889 537 1915 xv.
563 1887 627 1915 11.

297 1950 334 1979 2.
362 1939 653 1979 lectionibus
691 1941 1054 1979 resonantibus:
1090 1937 1177 1978 abl.
1208 1937 1338 1979 absol.
1369 1938 1480 1978 ‘and
1510 1952 1608 1981 now
1637 1939 1744 1993 they
1773 1940 1923 1981 snatch

238 1999 357 2040 them
378 2002 428 2053 (i.
445 2013 476 2040 e.
497 2000 812 2054 dispositiones)
836 2001 980 2040 whilst
1008 2000 1082 2040 the
1110 1999 1255 2052 public
1283 2000 1480 2053 readings
1510 2001 1557 2041 of
1580 2001 1655 2041 the
1683 2001 1923 2054 Scriptures

239 2077 312 2104 are
332 2063 543 2115 sounding
557 2061 568 2080 '
582 2077 592 2112 3
621 2077 754 2116 comp.
776 2063 842 2103 011.
867 2065 932 2112 18,
955 2066 966 2085 ‘
981 2064 1011 2103 J
1016 2062 1141 2102 udaei
1161 2062 1304 2115 palam
1322 2062 1551 2112 lectitant,'
1571 2067 1650 2106 eto.

292 2139 335 2178 4.
366 2129 664 2169 aemulantur
683 2129 1012 2166 divinitatem:
1041 2131 1053 2149 ⁴
1069 2125 1175 2178 they
1193 2124 1264 2166 vie
1286 2126 1411 2176 (with
1430 2126 1542 2178 God)
1563 2126 1608 2169 in
1633 2126 1781 2179 laying
1799 2127 1925 2168 claim

239 2194 284 2229 to
304 2203 330 2228 a
349 2187 565 2241 divinity,'
583 2188 721 2228 which
739 2189 776 2229 is
795 2188 985 2229 founded
1005 2202 1118 2240 upon
1137 2202 1163 2228 a
1184 2187 1321 2227 stolen
1350 2188 1578 2238 divinatio,
1609 2189 1731 2229 itself
1753 2189 1924 2230 fraudu·

237 2252 329 2292 lent
369 2252 455 2292 and
496 2251 737 2304 dependent
774 2265 889 2304 upon
926 2251 1002 2291 the
1041 2251 1142 2303 only
1179 2251 1269 2291 real
1308 2250 1434 2304 thing
1470 2252 1602 2292 about
1640 2252 1774 2301 them,
1813 2253 1926 2292 their

237 2316 455 2356 velocitas.

294 2377 333 2418 6.
361 2380 526 2418 sciunt
557 2379 733 2426 Croesi,
754 2378 913 2418 sciunt
942 2378 1129 2424 Pyrrhi.
1187 2375 1349 2416 Herod.
1371 2376 1399 2416 i.
1423 2387 1489 2428 53,
1512 2388 1580 2429 55,
1603 2388 1653 2430 91
1674 2389 1684 2426 ;
1714 2377 1857 2417 Cicero
1875 2379 1925 2418 de

236 2441 324 2482 div.
346 2441 389 2482 ii.
414 2439 483 2493 56.

265 2554 267 2557 v
297 2514 333 2555 7.
364 2506 585 2551 Pythius.
644 2501 804 2545 Herod.
825 2502 853 2543 i.
873 2501 1029 2554 46-48.

297 2578 359 2617 13.
388 2580 531 2616 nova,
551 2569 653 2606 sive
680 2568 942 2607 contraria:
962 2567 993 2604 i.
1010 2578 1043 2605 e.
1066 2563 1204 2604 either
1221 2577 1316 2604 new
1335 2563 1529 2604 methods
1550 2563 1597 2604 of
1610 2567 1853 2613 treatment,
1877 2578 1923 2605 or

237 2629 324 2669 else
343 2629 550 2669 remedies
570 2629 755 2681 entirely
775 2628 957 2681 opposed
975 2632 1021 2667 to
1041 2627 1116 2668 the
1136 2627 1337 2680 ordinary
1355 2640 1470 2669 ones.

295 2703 358 2743 14.
388 2694 612 2739 ingeniis.
670 2690 748 2731 See
767 2695 882 2739 note,
901 2691 966 2731 ch.
990 2701 1052 2742 15.

297 2764 360 2806 15.
389 2758 724 2802 phantasmata
743 2755 1008 2795 Castorum.
1057 2752 1146 2792 The
1165 2751 1331 2804 alleged
1351 2763 1631 2804 appearances
1643 2751 1690 2791 of
1704 2750 1779 2791 the
1798 2750 1919 2790 Dios-

237 2818 328 2856 curi
367 2822 414 2858 at
445 2817 521 2857 the
549 2818 689 2858 battle
720 2816 766 2856 of
794 2816 913 2856 Lake
945 2815 1155 2868 Regillus,
1187 2814 1273 2854 and
1301 2814 1348 2857 in
1379 2814 1514 2862 Rome
1545 2814 1814 2865 announcing
1843 2813 1918 2853 the

239 2881 401 2934 victory
421 2882 466 2920 in
483 2881 561 2921 the
580 2880 759 2920 Persian
778 2892 891 2928 wax-3
919 2878 1018 2919 Val.
1042 2878 1160 2918 Max,
1182 2878 1211 2918 1.
1233 2878 1257 2917 8
1274 2890 1284 2926 ;
1312 2891 1446 2930 comp.
1467 2877 1619 2917 Florus
1634 2876 1759 2928 Epit.
1780 2876 1825 2915 ii.
1845 2887 1890 2915 12
1909 2889 1920 2925 ;

238 2943 299 2988 iii.
322 2954 344 2992 3
362 2956 373 2992 3
404 2944 491 2983 Cic.
513 2943 565 2982 de
582 2945 674 2982 nat.
696 2942 809 2983 deor.
829 2941 873 2986 ii.
897 2953 945 2987 23
976 2940 1086 2981 Min.
1107 2939 1231 2982 Felix
1252 2948 1292 2992 7,
1314 2947 1379 2990 27.

299 3003 362 3045 16.
394 3018 564 3052 aquam
584 3007 741 3045 cribro
762 3008 994 3052 gestatam
1011 3016 1019 3041 :
1039 3002 1114 3041 the
1134 3001 1276 3041 ordeal
1295 3002 1353 3054 by
1371 2999 1510 3041 which
1529 2999 1603 3040 the
1621 2999 1847 3040 innocence
1867 2999 1913 3039 of

237 3067 403 3115 Tuccia,
426 3081 452 3107 a
470 3067 609 3107 vestal
627 3066 778 3118 virgin,
802 3071 888 3107 was
908 3063 1193 3111 established3
1222 3062 1319 3102 Val.
1342 3063 1462 3103 Max.
1482 3062 1572 3102 viii.
1598 3073 1634 3102 1.

348 3141 520 3169 navem
554 3131 744 3175 cingulo
778 3131 1044 3174 promotam
1061 3138 1088 3178 :¹
1111 3125 1318 3177 referring
1347 3129 1392 3165 to
1419 3123 1494 3164 the
1522 3127 1640 3176 story
1667 3122 1714 3162 of
1737 3122 1917 3163 Claudia

239 3191 410 3238 Quinta,
434 3206 460 3231 a
480 3192 646 3230 Roman
665 3195 833 3230 matron
853 3188 982 3242 (Min.
1003 3188 1128 3228 Felix
1152 3187 1220 3240 27)
1248 3187 1389 3228 whose
1409 3186 1595 3240 chastity
1610 3186 1696 3226 had
1714 3186 1822 3225 been
1843 3186 1918 3224 im-

236 3254 407 3306 pugned
431 3254 509 3308 (or,
541 3253 761 3305 according
791 3256 836 3293 to
864 3251 1013 3293 Aurel.
1037 3250 1188 3291 Victor
1206 3250 1258 3290 cle
1281 3250 1357 3291 vir.
1377 3249 1541 3291 illustr.
1561 3247 1628 3302 46,
1657 3248 1800 3301 ‘virgo
1828 3261 1921 3289 ves-
