2124 3554
186 278 285 317 cir.
301 269 439 323 V111.]
513 261 777 314 adversus
818 258 1013 312 Gentes
1035 264 1143 325 pro
1187 254 1533 310 Christianis.
1790 268 1822 323 3
1836 267 1855 303 1

188 405 290 454 Cur
308 420 422 468 ergo
445 402 534 452 alii
556 402 761 467 possint,
786 400 829 450 si
851 417 939 449 vos
964 416 1062 448 non
1084 397 1327 463 potestis?
1398 396 1504 445 Cur
1527 411 1626 443 non
1649 393 1861 459 possitis,

188 486 231 536 si
265 485 351 535 alii
383 487 619 550 possunt?
687 483 805 532 Alia
840 499 943 542 nos,
978 481 1167 546 opinor,
1205 483 1414 539 natura3
1465 493 1740 541 cynopaene
1775 480 1864 525 aut

187 568 474 633 sciapodes?
543 567 648 616 Alii
686 566 880 615 ordines
922 563 1160 623 dentium,
1199 561 1287 611 alii
1328 560 1391 610 ad
1427 559 1663 608 incestam
1698 557 1864 606 libidi-

189 668 300 700 nem
334 650 508 700 nervi‘l
578 649 678 712 Qui
718 649 817 697 ista
867 645 1024 697 eredis
1065 646 1125 694 de
1160 643 1372 704 homine,
1412 646 1553 707 potes
1597 647 1647 690 et
1692 641 1866 689 facere.

191 732 355 782 Homo
374 749 424 781 es
446 737 497 781 et
519 732 639 796 ipse,
666 731 795 795 quod
818 733 869 779 et
894 727 1218 778 Christianus.
1290 725 1391 787 Qui
1414 741 1513 773 non
1535 729 1674 788 potes
1696 723 1864 781 facere,
1883 743 1905 784 5

190 831 291 864 non
326 815 472 863 debes
507 814 717 864 credere.
788 813 949 862 Homo
983 815 1059 860 est
1081 809 1211 860 enim
1235 813 1285 858 et
1315 807 1639 866 ChristianuS‚
1665 811 1714 855 et
1739 805 1869 870 quod

194 901 246 947 et
267 901 340 946 tu.

266 979 364 1028 Sed
403 978 747 1042 ignorantibus
787 976 1051 1041 subjicitur
1088 977 1140 1023 et
1180 972 1467 1037 imponitur.
1557 970 1700 1019 Nihil
1738 970 1870 1019 enim

194 1061 292 1110 tale
328 1060 387 1109 de
418 1060 713 1109 Christianis
747 1056 1014 1108 asseverari
1047 1056 1280 1116 sciebant,
1308 1055 1665 1104 observandum
1700 1052 1871 1116 utique

197 1142 292 1192 sibi
327 1147 378 1192 et
414 1142 546 1191 omni
580 1141 844 1205 vigilantia
878 1138 1295 1203 investigandum.
1367 1136 1560 1201 Atquin
1594 1134 1872 1185 volentibus
1891 1153 1942 1182 10

197 1224 388 1274 initiari
411 1224 560 1273 moris
584 1228 673 1284 est,
697 1223 886 1288 opinor,
911 1221 1051 1286 prius
1075 1225 1267 1285 patrem
1289 1220 1432 1268 illum
1455 1235 1699 1269 sacrorum
1721 1217 1874 1278 adire,

200 1323 323 1372 quae
357 1306 694 1372 praeparanda
734 1305 835 1356 sint
870 1304 1155 1354 describere.
1225 1303 1356 1351 Tum
1394 1302 1510 1351 ille:
1571 1301 1743 1350 Infans
1780 1299 1876 1348 tibi

198 1389 512 1449 necessarius,
540 1389 700 1438 adhuc
723 1391 875 1447 tener,
901 1387 987 1452 qui
1022 1386 1208 1435 nesciat
1230 1389 1451 1444 mortem,
1479 1383 1567 1447 qui
1599 1384 1692 1433 sub
1716 1383 1875 1432 cultro

198 1476 286 1522 tuo
310 1471 502 1532 rideat3
537 1471 656 1520 item
689 1470 848 1536 panis,
873 1487 970 1533 quo
1006 1469 1262 1532 sanguinis
1287 1466 1612 1531 jurulentiam
1647 1466 1847 1529 colligas
1861 1481 1875 1524 3

201 1559 452 1619 praeterea
484 1553 776 1602 candelabra
799 1559 850 1602 et
885 1553 1127 1611 lucernae,
1152 1555 1203 1600 et
1238 1566 1382 1600 canes
1414 1548 1570 1612 aliqui
1601 1552 1653 1597 et
1684 1547 1874 1607 offulae,
1896 1575 1943 1616 15

203 1653 328 1701 quae
346 1624 455 1684 illos
478 1636 543 1684 ad
558 1636 855 1685 eversionem
877 1634 1118 1683 luminum
1142 1633 1426 1692 extendant,
1447 1635 1563 1680 ante
1585 1632 1744 1679 omnia
1769 1647 1880 1679 cum

204 1723 362 1767 matre
391 1722 442 1767 et
470 1734 631 1767 sorore
663 1722 752 1767 tua
775 1716 940 1766 venire
970 1716 1185 1765 debebis.
1256 1715 1403 1777 Quid,
1429 1714 1473 1763 si
1509 1712 1777 1772 noluerint,
1802 1712 1882 1761 vel

205 1801 369 1850 nullae
393 1800 613 1850 fuerint?
685 1800 818 1862 Quid
842 1800 1052 1863 denique
1083 1798 1353 1864 singulares
1389 1795 1661 1846 Christiani
1681 1797 1698 1844 2
1768 1796 1883 1843 Non

206 1882 315 1944 erit,
331 1883 518 1948 opinor,
533 1883 781 1947 legitimus
806 1882 1133 1943 Christianus,
1154 1881 1252 1931 nisi
1275 1881 1428 1929 frater
1451 1883 1540 1928 aut
1562 1878 1709 1927 filius.
1750 1877 1884 1940 Quid

208 1982 350 2027 nunc,
376 1971 426 2015 et
460 1964 504 2015 si
526 1966 625 2015 ista
649 1965 815 2015 omnia
842 1964 1029 2030 ignaris
1065 1964 1463 2030 praeparantur?
1534 1961 1683 2011 Certe
1717 1966 1885 2025 postea
1902 1977 1952 2007 20

270 2171 306 2200 2.
339 2171 607 2207 cynopaene
636 2163 718 2200 aut
748 2161 1014 2206 sciapodes:
1054 2159 1121 2199 lit.
1149 2164 1161 2182 ⁸
1174 2157 1396 2211 dog-faced
1429 2171 1477 2197 οι·
1504 2156 1836 2198 feet-shadowed
1848 2154 1886 2205 ’;

213 2221 407 2261 fabulous
424 2221 727 2262 monstrosities
744 2234 755 2271 ;
783 2235 852 2262 see
871 2221 1001 2274 Pliny
1020 2221 1130 2262 Nat.
1150 2220 1271 2260 Hist.
1292 2220 1364 2261 vii.
1392 2231 1430 2268 2,
1452 2222 1463 2241 ‘
1479 2220 1646 2259 eosdem
1665 2219 1887 2271 Sciapodes

215 2283 370 2333 vocari,
398 2283 512 2335 quod
539 2284 586 2322 in
613 2284 771 2336 majore
799 2287 921 2323 aestu
948 2283 1067 2322 humi
1093 2283 1282 2334 jacentes
1310 2281 1453 2333 supini
1482 2282 1633 2321 umbra
1662 2295 1707 2321 se
1735 2280 1890 2333 pedum

214 2343 491 2398 protegant‘3
519 2344 559 2385 S.
580 2346 691 2397 Aug.
715 2345 768 2385 de
787 2346 866 2384 civ.
888 2343 973 2383 Dei
990 2345 1075 2384 xvi.
1101 2345 1125 2383 8
1142 2358 1153 2394 ;
1181 2345 1296 2384 Tert.
1317 2345 1375 2383 ad
1395 2344 1503 2384 Nat.
1523 2344 1550 2384 i.
1577 2352 1614 2395 7.

273 2407 311 2447 8.
344 2410 439 2447 Sed
465 2409 793 2454 ignorantibus
827 2408 1079 2453 subjicitur
1109 2410 1158 2452 et
1189 2408 1463 2452 imponitur.
1525 2407 1537 2427 ‘
1554 2406 1657 2456 But,
1689 2418 1772 2458 you
1802 2417 1889 2457 say,

216 2467 355 2509 deceit
373 2468 459 2508 and
478 2468 717 2520 imposition
736 2481 807 2507 are
825 2467 1037 2520 practised
1055 2480 1110 2507 on
1135 2467 1211 2507 the
1231 2467 1428 2519 ignorant
1447 2464 1707 2519 neophytes?
1763 2467 1891 2518 Iyno-

217 2529 543 2571 rantibus=the
561 2530 806 2570 candidates
825 2529 890 2568 for
907 2528 1135 2575 initiation,
1156 2528 1250 2568 who
1268 2531 1382 2567 must
1395 2528 1449 2568 be
1462 2528 1682 2580 supposed,
1695 2531 1894 2579 contrary

218 2597 264 2632 to
282 2592 341 2632 all
360 2596 533 2641 custom,
553 2596 598 2632 to
616 2592 725 2632 have
744 2591 965 2644 neglected
975 2595 1020 2631 to
1038 2591 1163 2631 make
1182 2604 1268 2643 any
1277 2590 1484 2643 inquiries
1503 2604 1549 2631 as
1561 2595 1607 2632 to
1621 2591 1738 2646 what
1753 2588 1894 2630 would

218 2654 272 2694 be
292 2653 493 2706 expected
511 2652 619 2693 from
637 2653 766 2694 them.

279 2726 343 2756 10.
370 2717 555 2762 Atquin
582 2717 856 2755 volentibus
889 2745 899 2755 .
921 2745 931 2755 .
954 2744 963 2754 .
994 2715 1176 2761 opinor.
1235 2713 1340 2753 This
1370 2713 1407 2753 is
1442 2713 1487 2754 of
1524 2727 1669 2754 course
1704 2712 1894 2754 ironical.

221 2780 235 2801 ‘
250 2776 353 2818 And
370 2781 443 2826 yet
462 2777 499 2816 it
522 2789 664 2816 occurs
683 2780 730 2817 to
748 2790 815 2816 me
833 2789 879 2816 as
897 2776 1025 2827 being
1044 2775 1166 2816 usual
1184 2805 1195 2816 .
1220 2805 1230 2815 .
1255 2805 1266 2816 .
1283 2774 1294 2792 '

281 2849 299 2877 1
309 2849 343 2877 1.
368 2842 551 2885 patrem
566 2839 703 2877 illum
720 2848 960 2877 sacrorum
975 2849 986 2877 :
1014 2836 1090 2877 the
1105 2838 1117 2858 ‘
1131 2836 1333 2888 magister
1347 2850 1560 2877 sacrorum
1573 2835 1584 2854 '
1599 2850 1646 2877 or
1660 2836 1841 2877 director
1856 2835 1902 2876 of

222 2900 297 2941 the
314 2900 459 2949 ritual,
480 2899 556 2939 the
575 2898 840 2951 hierophant.

333 2963 477 3011 adire,
506 2974 625 3009 quae
651 2973 808 3008 praep.
835 2963 932 3000 sint
961 2962 1254 3001 describere:
1286 2963 1298 2983 ‘
1314 2963 1361 3000 to
1388 2973 1441 3012 go
1468 2960 1562 3000 first
1590 2964 1636 3000 to
1663 2960 1738 3000 the
1762 2960 1897 3000 hiero·

224 3022 360 3076 phant
379 3023 463 3063 and
480 3026 526 3062 to
544 3023 644 3063 take
663 3022 789 3063 down
807 3022 881 3062 the
906 3022 1108 3074 requisite
1136 3022 1425 3074 preparations
1437 3020 1470 3061 'z
1501 3021 1587 3062 this
1615 3035 1745 3061 seems
1764 3035 1790 3061 a
1809 3035 1900 3074 pre-

225 3084 384 3125 ferable
402 3084 689 3124 construction
709 3087 752 3124 to
770 3084 866 3125 that
885 3083 1024 3124 which
1051 3083 1198 3123 makes
1219 3083 1556 3125 describere=ut
1567 3087 1697 3136 pater
1716 3083 1792 3124 ille
1811 3095 1899 3125 sac.

228 3145 311 3186 tibi
329 3144 556 3186 describat.

287 3218 350 3258 15.
382 3210 684 3248 candelabraz
720 3209 732 3229 ‘
746 3220 855 3259 quae
874 3219 997 3247 canes
1016 3206 1169 3246 annexi
1189 3204 1445 3256 deturbent,'
1466 3206 1524 3246 ad
1544 3206 1595 3246 N
1592 3208 1654 3247 at.
1675 3206 1701 3246 i.
1725 3213 1762 3258 7.

289 3268 352 3309 18.
377 3271 642 3317 singulares
662 3270 932 3318 Christiani,
949 3267 1015 3309 i.e.
1038 3268 1215 3321 solitary
1229 3268 1474 3322 neophytes,
1492 3268 1596 3309 with
1615 3281 1671 3308 no
1688 3267 1900 3308 relatives.
