2124 3554
311 219 332 253 1
346 212 414 268 24
789 203 1123 257 Tertulliani
1158 204 1536 272 Apologeticus
1754 211 1875 264 [cm.
1894 214 1985 255 XL.

303 348 512 408 viarum,
553 349 636 397 sed
672 349 736 397 ad
772 348 972 397 eandem
1012 366 1177 397 curam
1214 349 1478 397 modestiae
1515 353 1565 397 et
1604 347 1889 412 pudicitiae,
1928 349 1987 393 ut

306 431 393 494 qui
429 449 525 480 non
565 436 669 480 tam
709 448 879 480 cenam
914 431 1212 489 cenaverint,
1251 448 1398 495 quam
1436 430 1758 495 disciplinam.
1843 430 1986 485 Haec

307 514 452 563 coitio
502 514 896 563 Christianorum
937 514 1114 562 merito
1160 531 1277 562 sane
1319 513 1510 572 illicita,
1561 514 1603 562 si
1650 513 1837 562 illicitis
1883 528 1987 578 par,

306 597 480 646 merito
516 597 804 657 damnanda,
830 594 894 665 [si
929 614 1026 644 non
1063 596 1315 644 dissimilis
1348 594 1674 664 damnandis,]
1704 596 1746 644 si
1781 596 1893 660 quis
1929 595 1989 642 de

267 704 289 744 5
308 697 362 728 ea
399 680 624 744 queritur
662 697 718 728 eo
754 679 916 739 titulo,
954 697 1049 743 quo
1085 680 1145 728 de
1184 679 1481 728 factionibus
1523 679 1733 743 querela*
1766 683 1856 727 est.
1927 677 1990 724 In

307 766 444 826 cujus
480 762 746 827 perniciem
787 762 1054 826 aliquando
1096 763 1444 811 convenimus?
1517 763 1628 811 Hoc
1669 778 1835 811 sumus
1876 777 1989 809 con-

307 831 513 909 gregati,
551 846 685 910 quod
727 850 777 893 et
821 846 1057 909 dispersi3
1109 845 1200 894 hoc
1241 844 1472 906 universi,
1515 845 1646 908 quod
1687 849 1739 894 et
1779 843 1990 907 singuli;

308 929 553 977 neminem
599 928 860 988 laedentes,
904 927 1147 976 neminem
1189 928 1551 977 contristantes.
1624 928 1789 989 Quum
1835 925 1991 990 probi,

308 1030 462 1076 quum
493 1012 611 1060 boni
643 1015 834 1070 coeunt,
859 1029 1014 1075 quum
1038 1011 1122 1075 pii,
1150 1029 1303 1075 quum
1338 1012 1463 1061 casti
1488 1015 1864 1075 congregantur,
1894 1025 1994 1057 non

246 1116 295 1143 10
311 1102 383 1145 est
407 1096 554 1145 factio
579 1094 795 1155 dicenda,
823 1095 907 1144 sed
933 1095 1123 1182 curiass

969 1360 1194 1410 CAPUT
1230 1361 1335 1409 XL.

382 1508 459 1556 ΑΤ
483 1526 508 1556 e
535 1507 778 1557 contrario
811 1507 911 1555 illis
943 1524 1121 1556 nomen
1152 1508 1382 1557 factionis
1416 1506 1876 1565 accommodandum
1907 1511 1996 1567 est,

313 1592 400 1655 qui
434 1592 487 1639 in
513 1591 679 1639 odium
716 1591 952 1639 bonorum
977 1590 1275 1655 conspirant,
1303 1591 1389 1655 qui
1413 1591 1672 1639 adversum
1709 1590 1999 1654 sanguinem

314 1674 646 1723 innocentium
673 1675 993 1734 conclamant,
1020 1678 1362 1738 praetexentes
1395 1691 1510 1723 sane
1536 1674 1599 1722 ad
1623 1673 1724 1722 odii
1756 1672 1996 1722 defensio-

249 1778 296 1818 15
316 1775 425 1806 nem
449 1758 586 1805 illam
613 1774 804 1821 quoque
828 1757 1115 1816 vanitatem,
1136 1757 1266 1819 quod
1290 1757 1574 1806 existiment
1597 1756 1752 1805 omnis
1775 1755 1998 1820 publicae

318 1840 485 1900 cladis,
507 1841 666 1888 omnis
689 1839 943 1904 popularis
966 1840 1262 1888 incommodi
1282 1839 1589 1888 Christianos
1615 1855 1716 1888 esse
1740 1837 1796 1886 in
1815 1855 1998 1887 caussa.

320 1924 374 1972 Si
400 1924 588 1973 Tiberis
620 1923 840 1972 ascendit
868 1923 922 1970 in
953 1924 1160 1983 moenia,
1190 1923 1231 1971 si
1255 1923 1402 1972 Nilus
1426 1941 1523 1971 non
1547 1922 1768 1972 ascendit
1791 1922 1844 1970 in
1868 1938 1999 1979 arva,

375 2071 413 2108 4.
456 2057 519 2110 [si
561 2070 658 2097 non
702 2058 950 2102 dissimilis
995 2056 1296 2109 damnandis]
1317 2070 1326 2096 ε
1377 2056 1566 2097 inserted
1602 2056 1660 2109 by
1692 2069 1805 2096 some
1844 2054 2001 2095 editors

320 2120 427 2159 from
457 2119 558 2159 Cod.
588 2119 712 2159 Fuld.
783 2119 828 2159 It
859 2119 937 2158 has
966 2119 1074 2159 been
1105 2119 1310 2171 proposed
1339 2122 1384 2158 to
1411 2120 1544 2159 insert
1561 2119 1714 2171 factio
1743 2117 1854 2157 after
1883 2117 2000 2156 dam-

319 2183 491 2223 mandis.

432 2248 475 2284 si
500 2245 607 2292 quis
631 2246 690 2283 de
718 2256 773 2283 ea
793 2245 1038 2291 queritur:
1073 2242 1137 2282 ‘if
1161 2255 1328 2296 anyone
1356 2243 1501 2295 lodges
1530 2257 1556 2282 a
1584 2242 1816 2294 complaint
1835 2240 2017 2295 against>

322 2308 358 2347 it
379 2321 433 2347 on
450 2307 525 2347 the
545 2319 658 2347 same
678 2305 843 2359 ground
863 2319 910 2346 as
933 2306 1107 2358 charges
1126 2319 1198 2346 are
1217 2306 1401 2359 brought
1420 2305 1587 2358 against
1606 2300 1812 2344 factions.’

381 2382 417 2422 5.
447 2372 619 2410 titulo:
648 2382 719 2409 see
738 2373 854 2417 note,
875 2368 939 2408 ch.
962 2381 1028 2420 44.

381 2445 444 2473 10.
479 2435 611 2473 curia
632 2434 642 2453 ‘
656 2446 682 2472 a
701 2429 847 2480 court,’
870 2445 918 2470 or
940 2435 952 2452 ‘
966 2431 1127 2470 solemn
1146 2432 1347 2484 religious
1374 2427 1610 2482 assembly!
1665 2429 1806 2480 Comp.
1828 2426 2003 2484 Sallust.

323 2495 357 2535 J
357 2509 423 2547 ay.
448 2507 515 2545 31,
538 2498 548 2516 ‘
566 2495 687 2534 Haec
700 2485 819 2533 'inter
837 2494 968 2533 bonos
989 2493 1190 2542 amicitia,
1214 2494 1327 2534 inter
1346 2494 1479 2533 malos
1499 2492 1627 2532 factio
1647 2491 1740 2531 est.’

384 2569 444 2609 15.
476 2560 632 2597 omnis
651 2558 872 2604 publicae
892 2558 1057 2596 cladis.
1105 2555 1168 2607 (2)
1191 2556 1280 2595 The
1300 2568 1431 2607 many
1444 2554 1682 2595 calamities
1695 2551 1834 2593 which
1849 2549 2004 2591 visited

323 2619 399 2659 the
418 2620 577 2671 empire
596 2620 642 2659 in
661 2619 736 2659 the
755 2619 849 2659 first
869 2618 955 2657 and
984 2617 1138 2657 second
1166 2619 1378 2658 centuries
1397 2631 1507 2658 were
1536 2615 1726 2657 ascribed
1753 2615 1812 2666 by
1829 2612 2006 2666 popular

324 2683 514 2722 clamour
543 2685 588 2721 to
619 2682 695 2721 the
729 2683 739 2702 ‘
758 2678 960 2733 impiety’
994 2679 1040 2718 of
1064 2679 1139 2719 the
1174 2680 1412 2720 Christiane
1439 2679 1580 2719 which
1608 2676 1747 2718 called
1778 2676 1901 2716 down
1931 2674 2006 2714 the

325 2757 566 2796 vengeance
586 2743 633 2784 of
648 2744 720 2784 the
739 2743 842 2796 gods
861 2756 870 2783 ε
902 2756 970 2782 see
995 2742 1055 2782 ad
1074 2740 1197 2794 Scap.
1224 2754 1243 2781 2
1263 2755 1274 2791 3
1304 2743 1356 2782 de
1373 2742 1483 2796 pall.
1507 2753 1527 2780 2
1546 2755 1556 2790 ;
1587 2741 1646 2780 ad
1665 2740 1771 2780 Nat.
1786 2739 1814 2779 i.
1837 2750 1863 2790 9
1880 2751 1890 2786 ;
1920 2736 2006 2776 and

326 2820 457 2858 comp.
488 2807 650 2846 Arnob.
680 2807 706 2846 i.
747 2816 837 2855 1-3‚
870 2815 947 2855 15;
980 2805 1166 2856 August.
1201 2805 1251 2845 de
1284 2805 1361 2845 civ.
1394 2806 1479 2844 Dei
1511 2804 1571 2844 iii.
1613 2815 1688 2853 31;
1732 2800 1917 2853 Cyprian
1947 2800 2006 2839 ad

328 2871 488 2909 Demet.
513 2880 531 2908 1
548 2869 619 2915 ff.;
651 2869 808 2921 Origen
829 2873 960 2908 contr.
982 2866 1090 2908 Cels.
1110 2868 1171 2907 iii.
1197 2879 1243 2919 15
1262 2881 1271 2916 ;
1301 2868 1407 2908 Hor.
1429 2866 1572 2908 Garm.
1594 2866 1653 2905 iii.
1675 2863 1714 2904 6.
1739 2865 1829 2903 1—8.

389 2939 451 2982 17.
485 2934 537 2970 Si
559 2934 747 2971 Tiberis
767 2932 995 2971 ascendit.
1052 2931 1128 2969 An
1148 2934 1275 2970 event
1296 2930 1342 2970 of
1357 2930 1442 2970 this
1461 2933 1612 2969 nature
1631 2940 1718 2967 was
1733 2926 1891 2976 always
1910 2937 2007 2964 con-

329 2994 495 3034 sidered
523 2995 737 3042 ominous3
766 2993 902 3033 Tacit.
923 2992 1043 3033 Am».
1064 2993 1092 3033 i.
1118 2992 1168 3044 76
1188 3007 1199 3043 3
1228 2993 1326 3034 Val.
1350 2993 1472 3032 Max,
1491 2993 1519 3034 i.
1540 2990 1577 3031 6.
1604 3002 1656 3041 33
1685 2987 1866 3040 Capitol.
1896 2988 2005 3026 Ant.

332 3056 442 3095 Pius
463 3068 513 3107 9;
543 3057 648 3095 Hor.
667 3055 810 3097 Garm.
835 3056 862 3095 i.
882 3065 923 3094 ·2.
943 3065 1003 3105 13.

442 3120 484 3156 si
513 3120 656 3157 Nilus
685 3130 783 3157 non
811 3119 1038 3157 aseendit.
1096 3116 1238 3168 Comp.
1271 3117 1440 3156 Horace
1463 3114 1604 3155 Carm.
1635 3112 1695 3152 iii.
1728 3122 1765 3161 3.
1794 3111 1860 3163 48.
1918 3110 2008 3150 The

330 3180 567 3232 prosperity
586 3179 631 3218 of
646 3179 788 3232 Egypt
808 3179 886 3219 has
904 3179 1063 3230 always
1082 3178 1189 3218 been
1208 3178 1372 3230 larg-ely
1392 3176 1629 3229 dependent
1659 3187 1712 3214 on
1741 3174 1814 3213 the
1841 3172 2010 3225 regular

331 3244 416 3283 rise
435 3242 482 3281 of
496 3242 569 3282 the
589 3241 705 3284 Nile.
