2124 3554
262 211 366 260 104
732 196 1064 249 Tertulliani
1099 195 1151 247 A
1145 196 1475 265 polegeticus
1550 222 1554 224 ·
1657 206 1776 260 [cm.
1795 208 1935 250 xxx,

254 347 448 405 pectore
472 358 680 391 oramus.
751 342 1008 390 Precantes
1037 357 1203 389 sumus
1228 358 1394 390 omnes
1430 357 1620 406 semper
1653 360 1743 406 pro
1779 343 1936 392 omni·-

259 424 346 473 bus
380 424 773 489 imperatoribuS,
798 424 953 473 vitam
988 423 1088 472 illis
1122 423 1378 487 prolixam,
1404 424 1662 488 imperium
1697 443 1934 484 securum,

255 507 453 556 domum
488 513 661 567 tutam,
697 506 940 555 exercitus
982 508 1150 567 forteS,
1188 512 1412 556 senatum
1453 507 1660 566 fidelem,
1699 509 1937 573 populum

254 591 477 655 probum,
504 591 671 639 orbem
696 589 931 653 quietum,
958 594 1008 638 et
1034 606 1364 652 quaecumque
1396 589 1605 638 hominis
1633 596 1682 639 et
1711 590 1937 640 Caesaris
1988 580 1990 582 ⁵

215 678 370 731 '5vota
396 678 527 722 sunt.
598 674 734 722 Haec
759 674 821 722 ab
845 673 941 721 alio
967 690 1104 721 orare
1137 690 1234 721 non
1259 690 1467 736 possum,
1496 691 1643 738 quam
1666 691 1695 722 a
1718 691 1813 739 quo
1838 675 1938 723 scio

254 775 330 805 me
357 758 745 817 consecuturum,
774 756 1006 819 quoniam
1035 761 1085 804 et
1117 756 1221 820 ipse
1246 761 1321 805 est
1349 757 1435 820 qui
1469 758 1600 805 solus
1633 763 1862 820 praestat,
1887 763 1938 806 et

254 858 343 905 ego
367 858 474 889 sum
499 840 579 888 cui
609 840 876 903 impetrare
901 839 1120 898 debetur,
1146 840 1362 888 famulus
1387 842 1504 903 ejus,
1531 840 1617 904 qui
1641 858 1750 890 eum
1783 843 1938 890 solum

255 924 472 982 observo,
508 923 594 987 qui
628 929 831 987 propter
866 922 1178 988 disciplinam
1214 925 1320 986 ejus
1358 923 1563 983 occidor,
1592 925 1676 987 qui
1713 924 1758 973 ei
1793 924 1939 973 offero

255 1007 469 1070 opimam
493 1011 543 1054 et
568 1008 801 1068 majorem
824 1006 1048 1066 hostiam,
1076 1023 1222 1070 quam
1245 1006 1351 1070 ipse
1376 1006 1643 1066 mandavit,
1670 1006 1939 1056 orationem

189 1110 239 1139 10
255 1089 314 1137 de
340 1107 484 1138 carne
516 1088 710 1152 pudica,
736 1089 796 1137 de
828 1088 992 1137 anima
1027 1089 1289 1148 innocenti,
1316 1089 1374 1137 de
1411 1088 1592 1153 spiritu
1628 1094 1794 1138 sancto
1830 1107 1941 1154 pro-

254 1174 445 1221 fectam.
516 1172 633 1219 Non
692 1189 848 1234 grana
894 1171 1022 1220 turis
1069 1172 1215 1220 unius
1269 1171 1405 1232 assis,
1455 1171 1696 1221 Arabicae
1754 1173 1941 1221 arboris

254 1255 493 1319 lacrimas,
512 1271 600 1303 nec
625 1255 748 1303 duas
778 1254 903 1303 meri
927 1259 1111 1318 guttas,
1137 1273 1225 1304 nec
1261 1256 1552 1320 sanguinem
1581 1256 1780 1321 reprobi
1803 1256 1941 1305 bovis

253 1338 380 1387 mori
397 1338 633 1402 optantis,
653 1343 702 1387 et
720 1342 832 1402 post
850 1338 1011 1387 omnia
1037 1338 1408 1402 inquinamenta
1427 1340 1576 1389 etiam
1596 1339 1940 1389 conscientiam

252 1439 508 1486 spurcam:
545 1428 603 1470 ut
631 1421 792 1480 mirer,
820 1439 929 1470 cum
953 1421 1141 1470 hostiae
1165 1423 1440 1486 probantur
1462 1440 1611 1487 penes
1636 1440 1722 1472 vos
1746 1441 1776 1472 a
1793 1422 1940 1472 vitio-

188 1516 236 1558 15
254 1505 459 1555 sissimis
485 1504 830 1562 sacerdotibus,
849 1521 935 1553 cur
959 1505 1244 1568 praecordia
1267 1506 1433 1569 potius
1453 1506 1777 1566 victimarum,
1796 1493 1942 1570 quam

253 1588 473 1652 ipsorum
491 1587 874 1636 sacrificantium
899 1588 1253 1637 examinentur.
1292 1589 1373 1638 Sic
1398 1589 1565 1653 itaque
1589 1607 1676 1638 nos
1695 1589 1758 1637 ad
1781 1589 1940 1638 Deum

314 1697 348 1726 1.
381 1687 667 1726 Precantes.
695 1716 703 1724 .
727 1716 736 1725 .
761 1716 771 1726 .
812 1692 998 1732 semper
1035 1698 1122 1733 pro
1162 1688 1273 1732 imp.
1351 1686 1494 1738 Comp.
1527 1686 1640 1725 Acta
1673 1698 1862 1738 procons.
1896 1686 1941 1726 S.

254 1748 457 1802 Cyprian,
478 1750 490 1770 ‘
504 1748 780 1800 deprecamur
799 1748 945 1788 diebus
965 1762 1014 1788 ac
1034 1749 1228 1789 noctibus
1249 1779 1258 1787 .
1282 1779 1290 1787 .
1313 1779 1322 1789 .
1347 1762 1422 1801 pro
1441 1749 1737 1789 incolumitate
1757 1748 1942 1800 ipsorum

254 1808 581 1862 imperatorum’
596 1823 607 1858 ;
637 1810 869 1863 Dionysius
891 1810 1029 1861 (apud
1055 1811 1207 1851 Euseb.
1236 1811 1308 1850 vii.
1341 1812 1435 1862 11);
1466 1811 1609 1863 Polyc.
1638 1811 1699 1851 ad
1724 1810 1840 1850 Phil.
1866 1821 1942 1860 12;

257 1874 374 1913 Just.
404 1872 539 1912 Mart.
567 1872 702 1924 Apol.
734 1873 762 1913 i.
800 1880 876 1926 17;
908 1873 1020 1924 Orig.
1051 1876 1187 1913 contr.
1222 1871 1330 1914 Cels.
1358 1873 1445 1914 viii.
1470 1881 1547 1925 73;
1577 1874 1710 1913 Glem.
1731 1873 1854 1913 Rom.
1885 1872 1944 1913 ad

265 1936 359 1975 Cor.
379 1936 405 1975 i.
427 1934 492 1975 61.

313 2009 350 2050 9.
383 1999 591 2044 opimam
620 2002 668 2038 et
690 1999 917 2045 majorem
935 1999 1156 2037 hostiam.
1216 1997 1360 2049 Comp.
1383 1996 1434 2036 de
1454 1999 1564 2037 orat.
1593 2004 1658 2048 27,
1679 1999 1690 2019 ‘
1707 2000 1951 2037 saturatam-

257 2058 491 2099 orationem
515 2059 635 2099 velut
662 2060 865 2111 optfflam
895 2059 1078 2099 hostiam
1106 2059 1380 2108 admovere’3
1408 2059 1463 2099 ib.
1493 2061 1557 2108 28,
1580 2060 1591 2080 ⁶
1605 2060 1708 2099 haec
1737 2063 1801 2099 est
1829 2060 1943 2099 enim

257 2122 399 2162 hostia
418 2122 622 2174 spiritalis
642 2135 751 2174 quae
771 2122 954 2174 pristina
973 2121 1178 2162 sacrificia
1197 2119 1385 2161 delevit.’
1443 2121 1555 2163 Heb.
1576 2121 1662 2161 xiii.
1688 2131 1750 2173 15.

319 2196 381 2225 10.
413 2187 472 2224 de
493 2187 667 2231 spiritu
686 2189 850 2225 sancto
869 2199 879 2224 :
913 2184 1045 2224 ‘from
1066 2198 1091 2224 a
1111 2184 1231 2236 pious
1253 2184 1402 2236 spirit!

317 2257 379 2286 11.
410 2249 523 2286 Non
549 2259 694 2293 grana
718 2249 854 2286 turis.
913 2247 1057 2299 Comp.
1085 2247 1150 2287 ch.
1178 2258 1247 2299 42,
1270 2248 1409 2286 ‘Tura
1436 2247 1561 2298 plane
1593 2258 1680 2286 non
1712 2246 1890 2286 emimus
1907 2244 1943 2294 '3

260 2308 302 2350 S.
319 2308 449 2348 Clem.
472 2308 599 2350 Alex.
621 2308 752 2349 Paed.
773 2309 816 2348 ii.
839 2310 891 2359 83
920 2309 962 2349 S.
979 2310 1167 2362 August.
1195 2323 1337 2350 enarr.
1363 2311 1410 2349 in
1436 2309 1509 2350 Ps.
1532 2308 1638 2348 xlix.
1695 2308 1785 2348 The
1812 2308 1944 2348 ritual

260 2384 334 2410 use
363 2371 410 2410 of
429 2371 599 2411 incense
618 2385 705 2411 was
732 2372 891 2424 closely
908 2372 1132 2412 identified
1150 2372 1258 2411 with
1284 2372 1472 2423 idolatry
1492 2372 1535 2411 in
1553 2368 1825 2410 Tertullian’s
1845 2370 1942 2424 day,

258 2433 343 2473 and
363 2433 526 2473 formed
548 2436 559 2454 ‘
573 2448 598 2474 a
617 2433 734 2474 chief
748 2437 834 2474 test
861 2435 907 2473 in
932 2434 1008 2474 the
1028 2435 1314 2486 persecutions
1333 2434 1379 2473 of
1394 2433 1469 2473 the
1489 2432 1729 2473 Christiane
1741 2430 1752 2447 ’
1769 2446 1780 2481 ;
1809 2446 1942 2489 comp.

257 2496 287 2536 J
293 2509 422 2538 erom.
455 2496 537 2548 Ep.
577 2506 639 2547 14.
713 2496 758 2536 It
787 2497 888 2546 had,
916 2496 1127 2546 however,
1156 2497 1212 2537 its
1242 2496 1480 2536 non—ritual
1506 2509 1626 2544 uses;
1667 2508 1863 2548 compare
1891 2496 1943 2535 de

258 2571 399 2599 coron.
433 2570 497 2608 10,
529 2559 590 2598 ‘si
623 2571 692 2599 me
722 2559 825 2599 odor
858 2560 1038 2612 alicujus
1071 2559 1152 2599 loci
1182 2558 1419 2609 offenderit,
1449 2558 1637 2598 Arabiae
1674 2558 1840 2610 aliquid
1877 2558 1942 2597 in-

257 2618 439 2668 cendo';
483 2620 570 2660 and
596 2621 632 2660 it
658 2634 744 2661 was
773 2621 989 2662 doubtless
1019 2621 1240 2674 employed
1265 2621 1310 2660 in
1337 2621 1410 2661 the
1439 2619 1676 2660 catacombs
1706 2620 1792 2660 and
1820 2633 1942 2660 caves

255 2683 303 2721 111
322 2682 462 2722 which
491 2682 565 2723 the
586 2684 705 2738 early
723 2683 964 2724 Christiana
990 2683 1092 2724 held
1121 2683 1234 2724 their
1257 2683 1513 2724 assemblies.
1577 2683 1655 2723 See
1683 2682 1877 2722 INCENSE
1896 2682 1942 2722 in

257 2744 379 2786 Dic-t.
400 2745 496 2786 Chr.
516 2746 625 2787 Ant.

316 2818 380 2848 12.
411 2810 528 2847 duas
548 2809 667 2847 meri
686 2812 860 2855 guttas.
919 2807 1062 2860 Comp.
1085 2806 1255 2847 Sueton.
1279 2807 1438 2856 Galba,
1458 2808 1521 2848 18.

366 2871 558 2916 reprobi
597 2872 748 2910 bovis.
805 2870 948 2922 Comp.
969 2870 1034 2911 ch.
1073 2882 1136 2921 14,
1167 2873 1287 2910 ‘cum
1316 2875 1464 2910 enecta
1492 2874 1535 2910 et
1563 2868 1754 2909 tabidosa
1782 2871 1825 2908 et
1854 2880 1939 2908 sca-

255 2930 375 2970 biosa
401 2944 594 2984 quaeque
622 2931 848 2974 mactatis.'
906 2932 1095 2984 Reprobi
1123 2931 1159 2971 is
1185 2931 1318 2971 found
1349 2932 1450 2984 only
1478 2931 1524 2971 111
1551 2931 1639 2971 late
1666 2930 1800 2978 latin;
1839 2931 1875 2970 it
1904 2931 1940 2970 is

257 2987 426 3045 applied
452 2997 498 3033 to
523 2994 628 3034 false
653 3008 809 3047 money
826 2995 872 3034 in
898 2995 972 3035 the
998 2995 1184 3047 Digests‚
1210 3005 1271 3044 13.
1298 3003 1332 3046 7.
1359 3006 1435 3046 243
1465 2994 1550 3034 and
1576 2994 1623 3033 111
1647 2993 1722 3033 the
1741 2992 1871 3045 Vulg.
1895 2997 1939 3032 to

255 3067 421 3107 money,
442 3055 528 3094 and
547 3056 691 3109 things
710 3056 959 3109 rejectedas
979 3056 1151 3106 useless,
1172 3057 1334 3098 Jerem.
1355 3057 1411 3097 vi.
1435 3067 1512 3107 303
1546 3067 1566 3094 2
1587 3055 1695 3095 Tim.
1715 3055 1773 3094 iii.
1797 3055 1835 3094 8.

315 3114 379 3155 16.
412 3119 490 3157 Sic
512 3120 673 3165 itaque
691 3131 778 3158 nos
799 3121 860 3158 ad
875 3122 1041 3159 Deum.
1088 3118 1166 3158 See
1181 3119 1254 3159 the
1266 3131 1374 3171 pass.
1392 3119 1456 3158 ch.
1474 3130 1490 3157 1
1502 3130 1537 3168 2,
1555 3117 1851 3170 enumerating
1865 3117 1940 3157 the

259 3182 439 3218 tortures
469 3179 515 3219 of
546 3180 622 3220 the
650 3180 904 3231 Christiane,
933 3181 1018 3220 and
1046 3194 1239 3233 compare
1267 3181 1341 3222 the
1371 3185 1501 3221 terms
1541 3179 1587 3220 of
1619 3179 1820 3232 reproach
1849 3193 1939 3219 sar-

257 3239 450 3280 mentieii
471 3243 511 3280 et
531 3243 720 3292 semaxiz,
742 3243 805 3283 ch.
825 3254 891 3294 50,
913 3242 1020 3283 with
1039 3248 1174 3283 notes.
