2124 3554
225 231 295 286 32
685 216 1021 271 Tertulliani
1054 217 1106 269 Α
1101 216 1429 286 pologetz‘cus
1660 235 1678 276 χ
1693 227 1812 281 [CAP.
1835 230 1913 271 lx,

223 365 535 424 cognoscunt,
561 365 611 410 et
635 361 879 410 sustinent
903 366 954 411 et
977 362 1253 426 ignoscunt.
1328 361 1524 410 Timent
1557 361 1724 427 plecti,
1750 362 1838 427 qui
1862 361 1905 411 si

222 444 538 509 proclament,
558 444 753 493 defendi
766 444 1099 503 merebuntur,
1109 444 1196 509 qui
1214 444 1362 493 etiam
1380 445 1515 493 ultro
1530 445 1692 509 perire
1709 446 1903 505 malint,

224 545 371 592 quam
407 528 498 577 sub
534 527 627 576 tali
667 528 966 577 conscientia
1000 527 1181 578 vivere.
1250 527 1358 592 Age
1394 545 1524 576 nunc
1558 527 1779 590 timeant,
1818 546 1906 577 cur

224 611 374 660 etiam
397 614 711 676 perseverant
732 612 750 659 ‘l
822 610 1059 674 Sequitur
1082 611 1227 672 enim,
1254 629 1316 661 ne
1340 611 1474 660 ultra
1498 611 1619 662 velis
1641 609 1695 665 id
1717 616 1767 661 te
1790 629 1908 672 esse,

183 708 207 749 5
227 694 357 759 quod
381 695 424 744 si
447 694 586 759 prius
610 693 794 753 scisses,
822 711 920 742 non
944 694 1134 743 fuisses.

887 861 1114 913 CAPUT
1150 862 1251 914 IX.

296 967 452 1016 HAEC
468 983 563 1031 quo
582 956 739 1030 magis
762 964 1095 1026 refutaverim,
1117 958 1146 1015 a
1163 967 1304 1016 vobis
1317 966 1427 1016 fieri
1451 968 1703 1018 ostendam
1726 970 1910 1034 partim

223 1051 278 1099 in
313 1056 499 1114 aperto,
523 1049 709 1114 partim
743 1049 798 1099 in
833 1050 1041 1110 occulto,
1068 1067 1157 1114 per
1192 1051 1326 1114 quod
1361 1050 1571 1113 forsitan
1606 1056 1656 1101 et
1680 1052 1740 1101 de
1767 1043 1910 1102 nobis

181 1148 183 1150 ·
224 1133 516 1183 credidistis.

159 1244 209 1272 10
287 1217 520 1267 Infantes
567 1233 714 1282 penes
760 1216 982 1266 Africam
1033 1217 1249 1267 Saturno
1308 1216 1692 1266 immolabantur
1747 1218 1910 1283 palam

225 1317 377 1365 usque
392 1300 457 1350 ad
471 1300 875 1365 proconsulatum
895 1300 1091 1360 Tiberii,
1112 1301 1199 1366 qui
1221 1301 1353 1366 ipsos
1372 1302 1643 1351 sacerdotes
1661 1301 1714 1350 in
1731 1301 1912 1351 eisdem

224 1383 481 1433 arboribus
498 1383 674 1448 templi
690 1383 766 1432 sui
774 1383 1218 1433 obumbratricibus
1235 1385 1471 1434 scelerum
1478 1385 1662 1454 votivis
1682 1385 1910 1435 crucibus

226 1468 466 1532 exposuit,
492 1471 620 1516 teste
656 1466 839 1516 militia
868 1467 1058 1531 patriae
1081 1474 1276 1518 nostrae
1300 1486 1424 1533 quae
1456 1468 1509 1516 id
1535 1469 1697 1533 ipsum
1729 1486 1910 1517 munus

225 1551 302 1599 illi
318 1551 601 1616 proconsuli
624 1552 795 1600 functa
819 1556 909 1601 est.
982 1551 1079 1601 sed
1103 1555 1153 1600 et
1177 1569 1307 1601 nunc
1333 1552 1384 1599 in
1410 1552 1603 1601 occulto
1628 1556 1912 1616 perseverat

158 1655 205 1697 15
224 1636 316 1684 hoc
353 1652 542 1683 sacrum
577 1635 780 1683 facinus.
865 1635 986 1685 Non
1017 1634 1108 1683 soli
1141 1652 1229 1685 vos
1265 1639 1584 1684 contemnunt
1621 1634 1908 1695 Christiani,

223 1736 311 1768 nec
346 1719 506 1767 ullum
541 1718 699 1768 scelus
733 1718 785 1766 in
822 1723 1118 1782 perpetuum
1153 1718 1446 1777 eradicatur,
1483 1722 1573 1767 aut·
1605 1735 1763 1767 mores
1799 1735 1911 1768 suos

222 1802 401 1865 aliquis
441 1801 561 1850 deus
600 1804 771 1850 mutat.
846 1800 977 1849 Cum
1012 1801 1223 1866 propriis
1258 1801 1377 1850 filiis
1420 1802 1659 1852 Saturnus
1693 1818 1792 1849 non
1826 1818 1909 1866 pe-

222 1885 392 1950 percit,
441 1884 686 1933 extraneis
728 1883 903 1953 utique
950 1901 1048 1932 non
1090 1884 1334 1948 parcendo
1375 1884 1735 1949 perseverabat,
1788 1901 1909 1947 quos

224 1969 423 2034 quidem
469 1967 567 2032 ipsi
614 1971 843 2031 parentes
891 1966 971 2017 sui
1018 1967 1303 2027 offerebant,
1344 1972 1395 2016 et
1452 1968 1661 2019 libentes
1710 1986 1909 2032 respon-

156 2068 208 2096 20
224 2053 419 2112 debant,
457 2056 508 2100 et
545 2051 815 2100 infantibus
855 2050 1253 2110 blandiebantur,
1292 2068 1354 2100 ne
1396 2051 1704 2102 lacrimantes
1738 2053 1907 2102 immo-

222 2137 457 2184 larentur.
528 2134 601 2184 Et
635 2140 800 2183 tamen
835 2135 1049 2183 multum
1083 2127 1346 2183 homicidio
1379 2135 1704 2199 parricidium
1727 2136 1908 2186 differt.

280 2259 317 2287 1.
349 2249 615 2287 sustinent:
647 2247 659 2267 ‘
677 2247 780 2286 bear
799 2260 856 2298 up
871 2244 881 2262 '
901 2246 1037 2286 under
1065 2246 1140 2287 the
1169 2244 1300 2286 shock
1328 2245 1374 2285 of
1388 2246 1463 2286 the
1483 2246 1716 2300 discovery.
1771 2246 1910 2289 susti,-

219 2324 320 2352 ‘nere
338 2310 417 2350 has
431 2310 506 2350 the
527 2321 645 2349 sense
666 2308 712 2348 of
729 2310 739 2329 ‘
757 2309 934 2362 bearing
953 2306 1088 2359 with,'
1109 2310 1120 2330 ‘
1133 2309 1307 2362 putting
1325 2322 1382 2361 up
1401 2308 1537 2359 with,'
1557 2310 1621 2349 ch.
1647 2323 1694 2362 25
1715 2324 1724 2359 3
1754 2310 1839 2351 and
1851 2311 1910 2351 ad

220 2388 346 2415 uxor.
376 2374 419 2413 ii.
449 2383 472 2425 5
493 2373 671 2426 passim.
730 2372 776 2412 It
804 2371 893 2412 will
921 2371 974 2412 be
1002 2372 1134 2412 found
1152 2371 1260 2412 with
1288 2373 1406 2424 quite
1433 2373 1611 2414 another
1638 2375 1838 2428 meaning
1864 2375 1910 2415 in

221 2438 285 2477 ch.
309 2448 373 2488 35,
395 2436 537 2476 where
557 2448 625 2475 see
645 2439 758 2474 note.
1533 2470 1537 2475 ,

284 2511 301 2538 1
311 2511 347 2538 1.
374 2510 523 2545 usque
544 2500 604 2537 ad
619 2499 1010 2544 proconsulatum
1032 2499 1218 2537 'I'iberii
1237 2510 1247 2538 ε
1278 2502 1289 2520 ⁶
1304 2497 1428 2537 down
1442 2500 1487 2537 to
1501 2497 1578 2538 the
1592 2497 1697 2539 time
1712 2498 1759 2538 of
1772 2512 1798 2539 a
1815 2497 1910 2552 pro-

222 2561 368 2602 consul
388 2561 525 2600 under
543 2560 739 2600 Tiberius
756 2557 767 2577 '
783 2571 792 2598 :
825 2573 869 2599 so
888 2560 963 2600 the
983 2560 1224 2612 expression
1253 2560 1290 2600 is
1309 2560 1530 2614 generally
1551 2561 1774 2614 explained
1790 2574 1801 2609 ;
1829 2561 1908 2602 but

225 2637 294 2664 see
313 2623 550 2675 Dollinger,
579 2622 705 2663 Gent.
726 2622 815 2662 and
834 2622 929 2661 Jew
950 2622 978 2662 i.
998 2623 1096 2674 488,
1115 2622 1212 2663 who
1234 2622 1382 2663 thinks
1401 2623 1498 2663 that
1524 2622 1646 2663 there
1668 2623 1804 2676 really
1821 2636 1908 2663 was

225 2700 251 2726 a
271 2685 493 2737 proconsul
512 2685 706 2726 Tiberius
726 2685 774 2724 in
793 2685 868 2725 the
888 2684 1041 2725 second
1059 2689 1252 2737 century.
1308 2685 1366 2724 In
1393 2685 1491 2725 that
1518 2698 1612 2725 case
1640 2684 1804 2725 militia
1825 2697 1907 2736 pa—

225 2749 341 2789 triae
359 2751 534 2789 nostrae
552 2762 653 2801 may
672 2748 845 2789 contain
865 2762 890 2788 a
909 2747 1122 2788 reference
1149 2751 1195 2787 to
1222 2748 1298 2788 the
1326 2748 1503 2788 soldiers
1531 2748 1666 2788 under
1693 2748 1768 2788 the
1795 2760 1905 2788 com-

224 2812 355 2852 mand
375 2812 421 2851 of
435 2809 709 2851 Tertullian’s
728 2811 885 2860 father,
907 2811 983 2851 the
1000 2810 1274 2863 proconsular
1292 2811 1528 2851 centurion.

284 2886 348 2914 20.
378 2886 439 2914 ne
455 2876 773 2923 lacrimantes,
787 2873 926 2914 which
939 2873 1085 2914 would
1099 2873 1153 2912 be
1165 2873 1449 2925 inauspicious
1469 2885 1514 2912 as
1532 2872 1762 2912 indicative
1782 2871 1829 2912 of
1842 2886 1905 2912 re.-

223 2937 432 2976 luctance.
488 2936 578 2976 The
606 2937 755 2976 victim
783 2941 898 2977 must
925 2937 979 2977 be
997 2936 1178 2987 willing,
1208 2949 1276 2975 see
1304 2935 1370 2975 ch.
1393 2936 1460 2984 28,
1490 2936 1502 2956 ‘
1520 2935 1689 2975 divinae
1715 2934 1778 2974 rei
1807 2934 1905 2974 faci-

224 2999 362 3038 undae
380 2998 516 3038 libens
537 2998 704 3040 animus
724 2999 934 3040 indicitur
949 2996 960 3016 '
977 3012 988 3049 3
1019 2998 1078 3039 ad
1094 2996 1222 3050 Scap.
1247 3009 1284 3047 2,
1307 3001 1318 3021 ‘
1336 2998 1390 3037 ab
1408 2997 1558 3037 invitis
1578 2997 1691 3037 enim
1705 2997 1906 3037 sacrificia

227 3060 328 3114 [dii]
349 3074 436 3100 non
456 3060 755 3102 desiderabant
773 3061 857 3102 nisi
868 3059 1126 3101 contentiosi
1146 3057 1274 3100 sunt.'

283 3135 346 3163 21.
378 3124 689 3170 parricidium
706 3123 844 3164 z'here
877 3123 994 3173 used,
1025 3136 1072 3163 as
1104 3122 1151 3162 in
1185 3121 1280 3161 Liv.
1311 3122 1371 3161 iii.
1406 3132 1482 3173 505
1526 3121 1617 3162 viii.
1654 3133 1718 3171 11,
1753 3121 1799 3161 of
1832 3121 1907 3170 the

224 3193 396 3233 murder
425 3192 471 3232 of
492 3192 689 3232 children
718 3193 775 3246 by
792 3192 906 3233 their
929 3196 1119 3246 parents.
1176 3191 1320 3244 Gomp.
1340 3191 1414 3231 the
1433 3204 1508 3232 use
1528 3191 1573 3231 of
1580 3191 1839 3243 parricidae
1858 3190 1904 3231 in

225 3255 290 3296 ch.
313 3267 378 3310 35.
