2124 3554
304 208 374 258 66
765 208 1105 262 Tertulliani
1136 211 1188 263 A
1182 210 1512 280 polegeticus
1731 220 1852 274 [Cn.
1867 225 1982 266 XIX.

303 385 450 427 casse,
487 367 767 417 ostenditur
801 368 986 417 bellum
1024 369 1250 419 COOXX
1285 376 1334 419 et
1370 370 1558 420 duobus
1600 371 1740 421 annis
1776 373 1986 422 Iliacum

302 449 509 498 exitium
557 450 886 502 antecessisse.
980 452 1075 500 Per
1121 452 1253 502 hunc
1301 453 1505 516 Moysen
1552 453 1703 502 etiam
1760 454 1848 504 illa
1906 455 1988 504 lex

302 533 503 598 propria
543 533 575 581 J
579 533 748 583 udaeis
785 551 815 583 a
855 535 963 583 Deo
1001 535 1150 584 missa
1174 539 1262 584 est.
1334 535 1577 600 Deinceps
1617 537 1774 586 multa
1808 542 1860 587 et
1901 537 2008 586 alii·

303 616 571 681 prophetae
605 617 902 667 vetustiores
936 617 1119 668 litteris
1155 618 1345 668 vestris.
1433 618 1565 668 Nam
1600 626 1650 669 et
1685 620 1772 685 qui
1811 620 1988 670 ultimo

265 709 289 752 5
307 699 494 759 cecinit,
543 704 631 749 aut
682 700 989 764 aliquantulo
1036 702 1387 766 praecucurrit,
1430 707 1518 751 aut
1565 708 1696 752 certe
1742 704 1989 753 concurrit

304 788 464 833 aetate
516 783 784 847 sapientiae
830 784 1126 842 auctoribus,
1171 786 1322 834 etiam
1369 786 1608 835 latoribus
1659 787 1797 851 legis.
1868 787 1990 851 Cyri

304 866 435 915 enim
467 870 518 915 et
542 865 684 914 Darii
714 882 865 929 regno
900 867 998 916 fuit
1033 868 1306 927 Zacharias,
1333 886 1430 932 quo
1465 869 1519 916 in
1547 874 1766 934 tempore
1792 870 1986 932 Thales,

302 949 616 1014 physicorum
639 948 881 1014 princeps,
901 950 1170 1001 sciscitanti
1197 952 1375 1001 Croeso
1400 952 1526 1000 nihil
1552 959 1738 1002 certum
1761 954 1822 1002 de
1847 953 1990 1002 Divi-

302 1033 462 1082 nitate
515 1033 782 1097 respondit,
823 1034 1056 1084 turbatus
1114 1035 1303 1084 scilicet
1362 1036 1563 1085 vocibus
1622 1036 1990 1101 prophetarum,

238 1139 289 1169 10
305 1115 455 1166 Solon
487 1114 646 1164 eidem
674 1116 783 1180 regi
813 1115 960 1166 finem
996 1117 1170 1182 longae
1193 1118 1327 1167 vitae
1360 1118 1655 1168 intuendum
1690 1119 1992 1184 praedicavit
2051 1176 2055 1179 ,

302 1216 403 1248 non
439 1199 600 1260 aliter,
638 1216 786 1264 quam
821 1201 1122 1264 prophetae3
1160 1202 1281 1250 adeo
1316 1202 1495 1266 respici
1530 1207 1705 1268 potest,
1743 1208 1846 1252 tam
1876 1205 1993 1266 jura

301 1287 467 1333 vestra
491 1300 637 1347 quam
662 1283 827 1332 studia
850 1283 909 1332 de
942 1284 1048 1348 lege
1074 1284 1232 1349 deque
1257 1284 1425 1334 divina
1451 1286 1676 1335 doctrina
1700 1286 1991 1351 concepisse.

303 1365 447 1427 Quod
481 1366 620 1430 prius
656 1370 746 1425 est,
770 1366 863 1415 hoc
898 1367 965 1416 sit
1001 1384 1167 1416 semen
1202 1385 1396 1417 necesse
1433 1373 1521 1418 est.
1593 1369 1716 1418 Inde
1753 1369 1991 1433 quaedam

302 1450 558 1499 nobiscum
582 1449 660 1499 vel
684 1467 838 1514 prope
863 1467 952 1499 nos
971 1449 1177 1500 habetis.
1249 1451 1326 1500 De
1352 1451 1523 1516 sophia
1547 1469 1682 1501 amor
1704 1454 1808 1516 ejus
1832 1452 1991 1516 philo-

236 1551 286 1592 15
305 1519 476 1598 sophia
515 1533 760 1582 vocitatus
798 1537 886 1593 est,
926 1534 986 1587 de
1027 1534 1287 1598 prophetia
1323 1535 1566 1584 affectatio
1609 1536 1713 1600 ejus
1750 1536 1992 1600 poeticam

302 1617 704 1667 vaticinationem
736 1617 1011 1680 deputavit.
1082 1617 1278 1667 Gloriae
1314 1617 1549 1678 homines,
1576 1618 1619 1668 si
1643 1619 1764 1683 quid
1791 1619 1991 1668 invene-

302 1704 430 1761 rant,
456 1705 515 1749 ut
546 1699 801 1764 proprium
836 1700 1068 1759 facerent,
1093 1700 1527 1762 adulteraverunt3
1565 1701 1715 1750 etiam
1749 1702 1992 1752 fructibus

303 1803 333 1834 a
371 1783 552 1833 semine
591 1783 887 1846 degenerare
927 1783 1152 1848 contigit.
1223 1784 1398 1834 Multis
1445 1784 1603 1834 adhuc
1644 1786 1704 1835 de
1741 1789 1992 1835 vetustate

364 1956 398 1985 1.
427 1947 632 1985 bellum:
658 1945 730 1985 πλε.
750 1944 826 1985 the
853 1944 1044 1998 struggle
1070 1944 1264 1986 between
1291 1945 1450 1986 Saturn
1477 1946 1564 1986 and
1583 1947 1614 1987 J
1618 1946 1783 1999 upiter3
1812 1946 1992 2000 perhaps

306 2008 445 2049 either
462 2007 579 2049 istud
597 2007 674 2048 has
693 2007 882 2060 dropped
902 2012 978 2048 out
998 2008 1045 2048 of
1059 2007 1135 2048 the
1153 2011 1258 2058 text,
1283 2022 1331 2049 or
1348 2008 1476 2049 illum
1495 2009 1648 2050 should
1666 2011 1719 2051 be
1737 2011 1852 2052 read.

417 2073 621 2111 Iliacum
640 2072 855 2110 exitium.
912 2071 1007 2111 MS.
1027 2072 1197 2111 emitum.

364 2145 402 2185 3.
433 2134 670 2180 Deinceps
704 2135 857 2173 multa
890 2138 939 2173 et
974 2135 1073 2174 alii.
1133 2133 1198 2174 Sc.
1221 2133 1542 2186 praedixerunt
1552 2150 1570 2182 ‚·
1606 2146 1720 2175 some
1747 2134 1866 2175 word
1892 2147 1993 2188 may

306 2197 417 2237 have
437 2195 624 2248 dropped
644 2198 732 2245 out,
754 2209 802 2234 or
819 2195 950 2235 multi
967 2195 1106 2248 might
1125 2196 1178 2236 be
1196 2196 1312 2236 read.

364 2267 402 2311 7.
434 2260 622 2307 Thales,
637 2259 942 2305 physicorum
963 2259 1198 2305 princeps.
1257 2258 1336 2299 See
1355 2262 1487 2307 notes,
1509 2257 1573 2298 ch.
1593 2256 1661 2310 46.
1696 2295 1703 2305 „

366 2333 384 2361 1
392 2322 734 2423 Ξέξτορὴοὴεθ.
791 2320 910 2361 Plur.
929 2320 997 2361 for
1020 2320 1158 2373 sing.;
1187 2320 1262 2361 the
1288 2320 1502 2361 reference
1529 2321 1566 2360 is
1593 2325 1640 2361 to
1668 2320 1813 2361 David
1839 2321 1887 2360 in
1920 2319 1992 2361 Ps.
2013 2348 2019 2351 -

307 2398 391 2424 xxx
504 2394 542 2435 5.

419 2448 538 2486 adeo
557 2447 734 2492 respici
759 2448 934 2492 potest.
995 2444 1110 2485 ‘Yet
1128 2445 1164 2485 it
1182 2444 1220 2485 is
1239 2444 1425 2497 possible
1444 2444 1510 2485 for
1528 2458 1577 2485 us
1596 2448 1643 2485 to
1661 2445 1760 2485 look
1778 2445 1887 2486 back
1906 2445 1992 2485 and

308 2523 377 2550 see
397 2510 495 2550 that
514 2509 643 2549 Solon
663 2540 673 2550 .
698 2539 706 2548 .
726 2506 756 2549 .'

369 2585 431 2624 13.
462 2576 586 2613 Inde
606 2575 850 2622 quaedam,
873 2574 950 2611 ete.
1011 2574 1023 2593 ‘
1035 2573 1185 2612 Hence
1211 2572 1248 2612 it
1273 2571 1310 2611 is
1329 2571 1427 2612 that
1449 2585 1534 2625 you
1552 2571 1654 2612 hold
1672 2572 1834 2612 certain
1851 2574 1993 2612 tenete

309 2637 354 2675 in
372 2649 565 2676 common
583 2634 690 2675 with
710 2648 771 2683 us,
797 2648 844 2674 or
863 2634 1022 2687 closely
1041 2634 1297 2686 resembling
1317 2632 1439 2674 ours.’

369 2708 431 2749 15.
460 2694 1006 2748 ρτορὴθῄὶαεπροφητεία.
1063 2696 1153 2736 The
1180 2695 1298 2736 word
1327 2696 1429 2748 only
1457 2708 1600 2736 occurs
1628 2695 1674 2735 in
1703 2694 1818 2735 Eccl.
1837 2694 1993 2743 Latin3

309 2773 378 2800 see
398 2761 449 2800 de
470 2761 599 2799 anim.
623 2770 672 2811 35
691 2772 702 2808 ;
735 2770 753 2798 1
778 2760 887 2799 Tim.
908 2760 937 2799 i.
962 2759 1010 2798 18
1033 2758 1221 2811 (Vulg.).

368 2821 430 2863 16.
464 2824 655 2862 Gloriae
668 2824 887 2861 homines
899 2840 932 2854 =
944 2822 1131 2861 homines
1140 2821 1311 2872 yloriae
1324 2819 1559 2868 libidinosi,
1575 2819 1640 2860 ch.
1657 2826 1710 2871 47
1725 2831 1737 2868 ;
1760 2832 1823 2871 cp.
1841 2817 1907 2858 ch.
1923 2818 1992 2870 46,

312 2887 322 2906 ‘
339 2885 514 2924 Mimice
534 2884 774 2937 philosophi
803 2884 1008 2925 affectant
1034 2885 1276 2930 veritatem,
1295 2887 1340 2924 et
1369 2882 1609 2923 affectando
1637 2884 1922 2933 corrumpunt,
1943 2885 1993 2920 ut

309 2947 383 2999 qui
401 2946 581 2997 gloriam
599 2944 803 2998 captant.'

368 3008 432 3047 18.
477 3010 696 3054 contigit.
773 3007 997 3059 Contingit
1034 3019 1168 3047 seems
1201 3005 1449 3059 preferable,
1484 3006 1495 3026 ‘
1509 3005 1546 3045 it
1582 3003 1770 3056 happens
1815 3003 1904 3043 also
1946 3007 1992 3043 to

308 3069 437 3109 fruits
458 3099 467 3109 .
491 3099 500 3110 .
525 3067 549 3109 .’
608 3069 859 3122 Continqere
878 3069 1078 3110 occurred
1095 3069 1143 3108 in
1163 3068 1250 3108 this
1270 3081 1390 3108 sense
1408 3067 1474 3107 ch.
1496 3078 1570 3115 103
1599 3079 1667 3106 see
1687 3066 1777 3106 also
1796 3065 1861 3106 ch.
1882 3076 1950 3116 45.

421 3133 593 3171 Multis
623 3133 776 3171 adhuc
796 3160 807 3170 .
831 3163 841 3171 .
864 3159 874 3170 .
897 3133 1220 3172 consisterem.
1294 3131 1305 3151 ‘
1321 3129 1344 3168 Ι
1363 3129 1502 3181 might
1524 3128 1571 3168 in
1596 3141 1726 3180 many
1755 3140 1871 3180 ways
1891 3127 1992 3167 take

311 3207 367 3245 up
387 3206 412 3232 a
432 3194 614 3245 position
635 3194 681 3232 in
701 3192 871 3233 defence
895 3194 984 3244 (see
1003 3196 1118 3241 note,
1139 3191 1204 3232 ch.
1228 3189 1275 3244 4)
1297 3190 1344 3231 of
1357 3190 1432 3230 the
1452 3190 1671 3242 antiquity
1692 3189 1738 3229 of
1753 3189 1826 3230 the
1847 3189 1992 3229 sacred

310 3252 531 3308 writings!
586 3255 666 3295 See
685 3254 750 3296 eh.
774 3266 838 3306 20,
860 3253 1003 3295 where
1022 3253 1111 3297 this
1131 3255 1358 3306 argument
1378 3252 1414 3293 is
1434 3251 1638 3305 repeated
1658 3251 1743 3292 and
1763 3250 1991 3304 amplified.
