2124 3554
241 194 260 228 1
276 176 341 231 28
731 176 1065 230 Tertulliani
1099 176 1477 245 Apologetzkus
1648 186 1768 240 [CAP.
1787 191 1920 232 XLII.

237 322 481 385 gationem
501 339 529 370 a
549 322 654 370 Deo
674 322 952 371 obveniant.
1014 321 1207 385 Atquin
1224 338 1313 370 nos
1332 322 1469 370 nullo
1488 322 1629 371 modo
1654 323 1917 372 laedimur:

236 405 477 469 imprimis
502 405 617 469 quia
635 405 762 452 nihil
787 412 954 454 nostra
979 405 1129 452 refert
1153 404 1205 451 in
1223 403 1313 452 hoc
1337 405 1587 462 aevo‚·nisi
1610 407 1670 454 de
1695 424 1749 455 eo
1774 424 1920 471 quam

239 489 463 537 celeriter
499 489 759 548 excedere3
803 488 994 546 dehinc,
1033 488 1148 551 quia
1186 487 1227 536 si
1263 487 1385 551 quid
1426 488 1616 537 adversi
1657 489 1920 554 infligitur,

237 571 413 620 vestris
455 572 508 619 id
550 572 740 619 meritis
783 571 1066 635 deputatur.
1138 569 1235 619 Sed
1271 570 1366 619 etsi
1401 571 1566 635 aliqua
1606 589 1694 620 nos
1729 590 1921 636 quoque.
1944 582 1946 584 ’

197 671 219 710 5
237 654 577 718 perstringunt
612 659 671 702 ut
701 653 839 703 vobis
874 653 1200 713 cohaerentes,
1237 654 1482 702 laetamur
1516 655 1673 718 magis
1707 654 1920 718 recogni-

237 738 373 787 tione
398 737 675 786 divinarum
710 735 1141 801 praedicationum,
1168 736 1559 790 confirmantium
1589 738 1778 787 scilicet
1799 738 1920 786 fidu-

238 821 362 870 ciam
386 825 437 869 et
461 821 607 869 fidem
633 819 735 884 spei
759 825 967 869 nostrae.
1031 820 1085 869 Si
1104 837 1218 868 vero
1242 820 1305 868 ab
1330 820 1399 868 eis
1430 838 1548 883 quos
1574 820 1734 870 colitis
1758 821 1922 870 omnia

237 904 377 952 vobis
413 905 540 952 mala
576 903 812 952 eveniunt
848 902 1001 952 nostri
1038 921 1222 963 caussa,
1253 903 1372 967 quid
1407 904 1566 952 colere
1601 905 1924 968 perseveratis

237 994 342 1036 tam
372 987 607 1051 ingrat-os,
633 990 735 1035 tam
767 987 991 1049 injustos,
1018 986 1105 1049 qui
1143 987 1302 1049 magis
1326 1004 1412 1035 vos
1438 986 1489 1034 in
1513 987 1730 1035 dolorem
1754 986 1922 1036 Chris-

173 1094 223 1121 10
238 1070 487 1119 tianorum
510 1072 684 1133 juvare
709 1075 758 1119 et
783 1086 995 1119 asserere
1021 1070 1326 1118 debuerant?

871 1302 1102 1354 CAPUT
1140 1285 1298 1354 XLII.

307 1440 412 1490 SED
439 1439 535 1488 alio
565 1457 759 1504 quoque
792 1438 1091 1502 injuriarum
1124 1438 1273 1486 titulo
1310 1438 1627 1501 postulamur,
1657 1443 1706 1488 et
1741 1439 1922 1497 infruc-

239 1524 369 1573 tuosi
410 1524 463 1571 in
511 1523 722 1587 negotiis
765 1522 988 1571 dicimur.
1062 1522 1171 1583 Quo
1220 1528 1365 1586 pacto
1413 1522 1633 1571 homines
1674 1523 1922 1572 vobiscum

238 1608 481 1671 degentes,
524 1607 739 1670 ejusdem
785 1606 963 1664 victus,
1006 1605 1218 1663 habitus,
1266 1604 1553 1665 instructus,
1597 1607 1812 1669 ejusdem
1859 1608 1922 1656 ad

173 1712 221 1752 15
239 1691 395 1739 vitam
430 1689 766 1738 necessitatis‘l
837 1689 1012 1752 Neque
1048 1688 1175 1736 enim
1213 1688 1546 1737 Brachmanae
1570 1693 1658 1737 aut
1684 1689 1920 1738 Indorum

237 1773 670 1838 gymnosophistae
707 1788 887 1830 sumuS,
926 1771 1172 1820 silvicolae
1213 1776 1264 1820 et
1300 1772 1491 1820 exsules
1529 1772 1676 1824 vitae.
1749 1772 1921 1821 Memi-

300 1918 337 1946 2.
366 1907 603 1952 imprimis
626 1936 635 1945 .
660 1933 669 1943 .
690 1934 700 1943 .
723 1906 925 1944 dehinc:
955 1904 1027 1942 ‘in
1056 1904 1131 1944 the
1156 1903 1248 1943 first
1278 1904 1412 1955 place,
1431 1903 1612 1944 because
1638 1918 1702 1944 we
1730 1904 1840 1944 have
1867 1918 1923 1944 no

241 1981 418 2009 concern
438 1966 543 2007 with
569 1967 656 2007 this
675 1967 811 2006 world
832 1970 980 2018 except
1005 1970 1050 2006 to
1075 1967 1225 2018 depart
1253 1970 1327 2006 out
1356 1966 1402 2006 of
1424 1966 1461 2006 it
1489 1979 1534 2005 as
1564 1965 1739 2018 quickly
1758 1980 1804 2007 as
1829 1980 1920 2019 pos-

242 2031 345 2071 sible
361 2044 370 2079 3
400 2030 484 2069 and
503 2031 551 2069 in
569 2030 643 2069 the
664 2028 815 2069 second
834 2029 969 2081 place,
988 2028 1166 2069 because
1192 2028 1232 2067 if
1253 2042 1338 2082 any
1357 2029 1525 2068 trouble
1551 2029 1587 2068 is
1607 2029 1811 2078 inflicted,
1830 2030 1866 2069 it
1886 2030 1922 2070 is

241 2092 522 2133 attributable
542 2096 585 2131 to
603 2091 813 2131 misdeeds
834 2090 881 2130 of
894 2088 1048 2143 yours.'

352 2157 450 2194 nisi
483 2157 541 2193 de
577 2167 632 2194 eo
668 2166 810 2201 quam
843 2155 1063 2194 celeriter
1091 2155 1331 2193 excedere.
1389 2153 1534 2204 Comp.
1564 2152 1751 2206 Philipp.
1782 2154 1810 2193 i.
1845 2164 1922 2204 23;

242 2218 401 2258 Coloss.
431 2217 491 2256 iii.
518 2229 553 2258 2.
624 2216 702 2256 See
732 2217 789 2256 ad
816 2229 938 2256 uxor.
959 2216 988 2256 i.
1019 2226 1069 2268 5;
1104 2215 1157 2255 de
1185 2216 1344 2256 exhort.
1376 2221 1477 2256 cast.
1511 2227 1573 2256 12.
1630 2216 1720 2255 The
1749 2217 1924 2256 ‘native

241 2279 367 2321 land’
397 2280 444 2320 of
468 2280 541 2320 the
570 2279 808 2319 Christiane
837 2293 924 2319 was
954 2279 1002 2318 in
1029 2279 1221 2328 heaven;
1253 2292 1385 2331 comp.
1415 2279 1480 2319 ch.
1508 2289 1555 2327 13
1592 2278 1632 2318 S.
1654 2279 1843 2331 Gyprian
1871 2279 1924 2319 de

242 2348 366 2384 mort.
386 2356 427 2396 9,
451 2342 577 2391 ‘Quis
598 2355 684 2382 non
702 2355 876 2394 peregre
899 2342 1158 2381 constitutus
1185 2345 1428 2394 properaret
1454 2341 1501 2380 in
1526 2341 1712 2393 patriam
1730 2341 1921 2393 regredi?

245 2437 255 2447 .
278 2438 287 2447 .
311 2438 320 2447 .
343 2406 536 2445 Patriam
557 2408 746 2444 nostram
766 2404 1010 2456 paradisum
1028 2402 1346 2456 computamus.’

297 2481 335 2519 4.
370 2470 465 2508 Sed
485 2469 576 2507 etsi
595 2469 755 2514 aliqua
769 2480 872 2508 nos.
930 2467 1073 2519 Comp.
1095 2466 1160 2506 ch.
1183 2478 1249 2517 31,
1275 2466 1406 2506 ‘Cum
1433 2465 1549 2505 enim
1575 2466 1819 2506 concutitur
1842 2466 1922 2506 im-

241 2532 420 2583 perium,
451 2530 662 2570 concussis
692 2531 822 2569 etiam
851 2530 1003 2570 ceteris
1031 2529 1231 2569 membris
1260 2529 1364 2582 ejus,
1395 2529 1546 2580 utique
1574 2531 1617 2568 et
1646 2541 1723 2568 nos
1754 2558 1763 2568 .
1795 2559 1805 2569 .
1837 2559 1846 2568 .
1876 2530 1923 2569 in

242 2594 385 2646 aliquo
412 2594 504 2633 loco
529 2606 648 2632 casus
675 2590 943 2632 invenimur.’
1001 2591 1091 2631 The
1122 2591 1346 2644 sufferings
1376 2591 1422 2631 of
1443 2591 1517 2630 the
1547 2591 1787 2631 Ghristians
1812 2605 1924 2632 were

243 2657 360 2697 often
387 2656 511 2696 made
541 2670 598 2695 an
626 2659 852 2707 argument
881 2656 1050 2707 against
1080 2655 1209 2705 them,
1231 2668 1276 2695 as
1303 2655 1449 2703 above,
1471 2653 1589 2694 ‘Hoc
1618 2652 1826 2706 inquitis,'
1844 2657 1920 2694 etc.

242 2720 387 2772 Comp.
417 2719 579 2758 Arnob.
609 2719 656 2758 ii.
678 2717 756 2766 60;
786 2718 827 2757 S.
844 2717 973 2770 Cypr.
1005 2718 1063 2757 ad
1091 2717 1251 2757 Demet.
1275 2728 1350 2766 113
1379 2717 1578 2757 Lactant.
1603 2730 1643 2757 v.
1680 2727 1744 2765 21,
1774 2727 1853 2765 223
1880 2716 1921 2756 S.

243 2784 356 2835 Aug.
378 2782 431 2821 de
452 2782 529 2822 civ.
553 2781 636 2821 Dei
655 2782 682 2820 i.
704 2794 780 2834 293
809 2781 926 2821 Just.
950 2780 1082 2820 Mart.
1100 2780 1225 2832 Apol.
1246 2780 1274 2819 i.
1297 2791 1362 2831 34.

302 2856 337 2895 5.
367 2847 599 2884 laetamur
627 2845 791 2890 magis,
823 2845 898 2883 etc.
956 2842 1175 2894 Similarly
1203 2841 1335 2882 Olem.
1356 2842 1478 2882 Alex.
1508 2840 1666 2881 Strom.
1697 2841 1752 2881 iv.
1789 2851 1852 2889 11,
1882 2840 1928 2879 of

243 2907 317 2945 the
338 2906 548 2958 necessity
568 2906 614 2945 of
627 2905 701 2945 the
720 2905 948 2945 fulfilment
968 2905 1014 2944 of
1035 2906 1279 2957 prophecies
1299 2905 1535 2957 respecting
1555 2902 1770 2954 suffering.
1833 2903 1923 2942 The

243 2969 439 3019 question
461 2973 471 2989 ‘
486 2969 571 3007 Cur
588 2967 711 3007 bonis
735 2967 934 3006 accidunt
952 2967 1079 3013 mala,
1099 2980 1196 3007 cum
1218 2967 1274 3006 sit
1295 2965 1572 3006 Providentia
1588 2965 1602 3004 ‘3
1618 2962 1629 2981 '
1657 2965 1692 3003 is
1712 2963 1924 3003 discussed

243 3031 300 3082 by
319 3030 492 3076 Seneca,
515 3030 564 3069 de
577 3030 860 3082 providentia.

304 3103 366 3130 12.
396 3095 552 3132 titulo.
612 3092 689 3131 See
710 3095 823 3140 note,
844 3091 909 3131 ch.
932 3103 998 3143 44.

355 3156 641 3194 infructuosi
662 3156 714 3193 in
733 3156 955 3201 negotiis.
1015 3153 1079 3205 (3)
1101 3152 1192 3192 The
1207 3152 1446 3192 Christiane
1461 3164 1572 3193 were
1590 3151 1796 3203 regarded
1817 3151 1924 3191 with

246 3216 441 3256 aversion
461 3230 506 3255 as
529 3217 657 3269 being
677 3222 687 3237 ‘
702 3215 910 3268 profitless
929 3216 977 3256 in
997 3215 1198 3267 ordinary
1217 3215 1410 3255 business
1424 3212 1434 3229 '
1453 3227 1462 3255 ε
1494 3227 1562 3257 see
1582 3218 1695 3263 note,
1715 3213 1779 3254 ch.
1805 3224 1840 3259 2.
