2124 3554
205 234 303 272 Cn.
321 228 496 281 XV111.]
531 221 791 273 adversus
834 219 1026 272 Gentes
1049 227 1155 286 pro
1199 218 1543 273 Christianis.
1802 219 1869 288 63

204 381 301 412 non
324 369 594 413 naseuntur
621 362 907 413 Christiani.
963 362 1096 423 Quos
1120 361 1333 411 diximus
1357 363 1734 426 praedicatores,
1758 379 1871 426 pro-

202 446 378 510 phetae
409 447 468 494 de
492 446 647 495 officio
680 445 932 510 praefandi
955 450 1208 494 vocantur.
1283 446 1433 494 Voces
1471 462 1634 494 eorum
1657 445 1872 509 itemque

201 529 426 587 virtutes,
474 546 594 592 quas
639 529 702 576 ad
746 528 894 577 fidem
939 526 1214 576 divinitatis
1260 527 1481 585 edebant,
1528 527 1582 576 in
1631 528 1872 576 thesauris

201 611 477 659 litterarum
519 615 729 670 manent,
769 627 858 658 nee
902 610 1024 658 istae
1076 626 1206 658 nune
1245 610 1413 659 latent.
1483 611 1871 660 Ptolemaeorum

201 693 574 752 eruditissimus,
600 710 743 756 quem
779 692 1150 756 Philadelphum
1185 685 1604 757 supernominant,
1630 697 1681 742 et
1715 692 1871 740 omnis
1889 709 1910 748 5

202 776 512 824 litteraturae
553 776 906 840 sagacissimus,
944 792 1056 823 cum
1095 775 1258 824 studio
1299 775 1705 824 bibliothecarum
1748 774 1872 823 Pisi-

201 863 427 918 stratum,
475 858 663 921 opinor,
709 857 1052 915 aemularetur,
1099 855 1234 915 inter
1292 863 1454 906 cetera
1511 857 1870 914 memoriarum,

203 941 380 1004 quibus
404 946 491 990 aut
506 944 721 989 vetustas
740 944 828 988 aut
852 938 1107 988 curiositas
1131 939 1297 1003 aliqua
1320 940 1383 988 ad
1399 940 1578 989 famam
1601 939 1872 1004 patrocina-

202 1024 363 1083 batur,
391 1040 452 1071 ex
488 1026 721 1086 suggestu
761 1021 1001 1070 Demetrii
1036 1022 1256 1071 Phalerei
1292 1023 1720 1086 grammaticorum
1753 1028 1872 1071 tunc

202 1104 545 1170 probatissimi,
570 1105 647 1154 cui
682 1105 1034 1168 praefecturam
1069 1104 1398 1166 mandaverat,
1425 1106 1577 1153 libros
1613 1122 1641 1153 a
1668 1106 1700 1153 J
1704 1105 1872 1153 udaeis
1892 1124 1942 1152 10

203 1206 396 1252 quoque
419 1187 701 1252 postulavit,
710 1187 930 1252 proprias
961 1184 1194 1255 [scilicet]
1212 1194 1358 1252 atque
1373 1189 1654 1237 vernaculas
1668 1188 1876 1248 litteras,

202 1288 323 1336 quas
348 1272 439 1320 soli
473 1271 729 1319 habebant.
799 1271 878 1318 Ex
904 1270 1025 1334 ipsis
1051 1270 1180 1319 enim
1205 1274 1255 1319 et
1290 1271 1353 1319 ad
1381 1270 1509 1335 ipsos
1545 1288 1734 1335 semper
1759 1288 1872 1335 pro-

201 1354 377 1418 phetae
411 1357 771 1418 peroraverant,
795 1353 982 1402 scilicet
1017 1354 1079 1401 ad
1103 1353 1416 1402 domesticam
1449 1353 1546 1402 Dei
1580 1358 1777 1417 gentem
1812 1371 1874 1403 ex

202 1440 402 1499 patrum
436 1435 611 1499 gratia.
680 1435 897 1484 Hebraei
931 1442 1077 1495 retro,
1104 1435 1191 1499 qui
1226 1453 1356 1484 nunc
1380 1435 1412 1483 J
1417 1435 1593 1496 udaei3
1629 1436 1786 1500 igitur
1821 1441 1872 1484 et

201 1518 689 1578 litteraeHebraeae,
714 1523 763 1566 et
798 1517 1058 1581 eloquium.
1130 1517 1227 1568 Sed
1250 1535 1311 1565 ne
1340 1517 1519 1566 notitia
1543 1522 1754 1579 vacaret,
1781 1518 1871 1566 hoc
1892 1532 1939 1573 15

201 1617 394 1665 quoque
428 1600 701 1649 Ptolemaeo
724 1618 754 1649 a
776 1600 809 1648 J
812 1599 978 1649 udaeis
1014 1599 1342 1663 subscriptum
1367 1604 1456 1660 est,
1482 1600 1798 1664 septuaginta
1823 1606 1873 1650 et

200 1739 368 1789 fuimus,
400 1740 523 1788 caeci,
554 1740 643 1779 sine
671 1738 843 1778 Domini
870 1736 1059 1787 lumine‚’
1080 1741 1185 1787 θέας
1215 1738 1267 1778 de
1286 1742 1417 1790 spect.
1442 1750 1491 1791 19
1506 1753 1517 1788 ;
1548 1740 1608 1778 ad
1626 1739 1732 1780 Nat.
1753 1741 1780 1780 i.
1806 1752 1869 1781 10.

200 1801 416 1855 Similarly
436 1802 636 1842 Octavius
655 1801 702 1840 in
721 1801 795 1840 the
816 1801 1010 1853 dialogue
1030 1801 1076 1840 of
1102 1801 1319 1840 Minucius
1348 1801 1471 1841 Felix
1499 1801 1654 1842 admits
1683 1802 1750 1842 his
1778 1816 1871 1842 own

199 1864 355 1904 former
373 1864 607 1916 prejudices
627 1863 794 1914 against
813 1863 1093 1916 Christianity
1114 1863 1195 1914 (ch.
1220 1863 1305 1915 29).

308 1929 432 1966 fiunt
460 1939 557 1967 non
588 1931 868 1965 nascuntur:
911 1939 1043 1978 comp.
1077 1926 1128 1965 de
1155 1928 1247 1966 test.
1281 1926 1409 1965 anim.
1440 1937 1480 1976 1,
1513 1926 1636 1966 ‘Non
1664 1939 1724 1975 es,
1759 1927 1871 1978 quod

200 1988 342 2039 sciam,
363 1988 629 2037 Christiana3
657 1987 748 2027 fieri
767 1988 895 2036 enim,
915 2001 1000 2026 non
1019 1988 1135 2027 nasci
1166 1988 1270 2027 solet
1299 1986 1590 2037 Christiana';
1620 1988 1660 2029 S.
1682 1989 1865 2040 August.

202 2052 251 2089 de
265 2063 377 2102 pecc.
397 2063 497 2090 mer.
520 2051 579 2092 iii.
601 2063 642 2103 9,
663 2054 674 2074 ‘
689 2050 949 2090 Christianos
968 2063 1055 2089 non
1073 2050 1178 2090 facit
1205 2050 1423 2103 generatio
1451 2050 1526 2090 sed
1552 2052 1816 2103 regeneratio
1828 2049 1838 2065 '
1858 2065 1868 2100 ;

203 2112 244 2152 S.
265 2112 360 2165 Gyr.
381 2114 411 2152 J
415 2126 473 2152 er.
499 2113 667 2154 Gateeh.
689 2114 718 2154 i.
741 2124 776 2151 2.

258 2184 295 2223 3.
324 2175 528 2213 virtutes
539 2175 812 2223 =mira0uza‚
834 2171 1032 2222 δυνάμεις.

259 2242 295 2286 7.
327 2236 454 2274 inter
500 2241 657 2276 cetera
701 2239 1033 2276 memoriarum
1051 2248 1060 2275 :
1103 2237 1114 2256 ‘
1130 2238 1323 2286 amongst
1369 2235 1492 2275 other
1526 2236 1694 2275 records
1731 2235 1869 2274 which

202 2295 315 2336 their
343 2296 558 2349 antiquity
591 2310 638 2336 or
669 2297 930 2337 curiousness
957 2296 1163 2336 rendered
1192 2295 1383 2337 famous?
1439 2296 1518 2336 See
1545 2301 1646 2336 note
1674 2309 1729 2336 on
1756 2300 1868 2336 curi-

202 2358 347 2404 exitas,
367 2358 430 2397 ch.
457 2369 519 2409 25.

258 2433 297 2473 9.
329 2433 388 2461 ex
415 2425 652 2470 suggestu,
674 2424 686 2443 ‘
698 2424 744 2460 at
762 2420 836 2460 the
854 2421 1104 2473 instigation
1124 2420 1170 2460 of
1181 2418 1192 2436 ’
1210 2433 1222 2469 3
1251 2433 1277 2459 a
1295 2433 1399 2472 very
1416 2433 1512 2460 rare
1531 2420 1616 2460 and
1635 2421 1722 2460 late
1743 2421 1870 2473 signi-

202 2482 372 2523 fication
401 2482 447 2522 of
469 2482 543 2522 the
570 2483 711 2528 word;
742 2496 787 2522 so
815 2482 890 2522 the
917 2483 1032 2532 verb,
1059 2482 1123 2523 ch.
1146 2493 1212 2534 25,
1244 2483 1319 2522 ‘ut
1343 2481 1678 2534 suggessimus’3
1707 2482 1772 2522 ch.
1801 2491 1864 2535 27,

206 2545 342 2585 ‘unde
372 2545 477 2585 talia
508 2548 785 2596 suggerantur
800 2542 836 2594 ';
865 2545 951 2584 and
983 2545 1046 2585 ch.
1071 2555 1137 2595 33,
1170 2545 1433 2597 ‘suggeritur
1459 2544 1573 2584 enim
1600 2545 1639 2584 ei
1666 2558 1691 2584 a
1718 2549 1867 2597 tergo,’

202 2609 214 2628 ‘
229 2607 300 2645 He
318 2606 354 2646 is
373 2606 648 2646 admonished
666 2606 774 2645 from
793 2605 973 2646 behind?
1030 2606 1269 2646 Elsewhere
1299 2610 1513 2657 suyyestus
1531 2606 1652 2645 bears
1671 2606 1728 2646 its
1748 2607 1869 2646 usual

201 2668 400 2720 meaning
437 2668 483 2707 of
516 2681 572 2707 an
605 2670 617 2688 ‘
631 2668 842 2708 elevation
856 2668 866 2684 '
905 2682 951 2708 or
979 2669 992 2689 ‘
1009 2668 1273 2708 ornamental
1306 2667 1548 2708 decoration
1563 2667 1601 2717 ’;
1644 2682 1690 2709 as
1722 2670 1868 2717 above,

201 2729 265 2770 ch.
288 2729 338 2770 16
356 2742 367 2778 ;
397 2730 492 2770 adv.
517 2729 663 2770 Herm.
690 2727 739 2768 16
753 2743 764 2778 ;
792 2730 871 2769 but
889 2729 935 2768 in
954 2730 1006 2769 de
1024 2734 1147 2782 spect.
1170 2737 1208 2782 7,
1233 2741 1295 2779 12,
1315 2730 1660 2782 it=appasratua

261 2802 322 2831 10.
351 2793 707 2840 praefecturam,
731 2791 828 2831 ‘the
847 2793 1223 2844 superintendenee
1239 2792 1249 2808 ’
1280 2791 1326 2831 of
1342 2792 1415 2831 the
1434 2793 1668 2832 collection.

260 2865 322 2894 11.
352 2856 629 2894 vernaculas
648 2857 833 2894 litteras
851 2867 861 2895 ε
890 2855 919 2894 i.
937 2867 968 2895 e.
996 2855 1042 2894 in
1059 2855 1134 2895 the
1154 2854 1341 2895 classical
1360 2855 1559 2902 Hebrew,
1575 2859 1649 2895 not
1669 2855 1743 2895 the
1761 2855 1871 2896 later

202 2915 413 2955 Aramaio.

261 2987 323 3028 15.
357 2980 451 3016 Sed.
478 2989 538 3016 ne
565 2979 742 3017 notitia
767 2980 969 3028 vacaret,
996 2980 1066 3018 ‘to
1085 2978 1221 3030 guard
1239 2978 1407 3030 against
1430 2977 1818 3031 misapprehension
1833 2977 1868 3027 ';

202 3051 270 3078 see
288 3042 401 3088 note,
422 3038 486 3079 ch.
511 3049 544 3077 1.

263 3099 325 3141 16.
356 3103 671 3147 subscriptum
691 3105 777 3149 est,
800 3104 812 3123 ‘
825 3114 911 3141 was
932 3101 1110 3141 allowed
1126 3100 1137 3118 '
1154 3115 1165 3151 ;
1195 3115 1262 3141 see
1282 3105 1394 3151 note,
1417 3102 1481 3142 ch.
1503 3101 1542 3142 6.

313 3165 612 3209 septuaginta
641 3167 688 3202 et
719 3166 914 3203 duobus.
985 3163 1075 3203 The
1110 3167 1228 3215 story
1256 3162 1303 3203 of
1328 3163 1401 3203 the
1430 3166 1608 3216 seventy
1639 3163 1790 3212 elders,
1824 3164 1870 3202 in

205 3227 393 3275 separate
411 3224 526 3274 cells,
545 3224 731 3277 inspired
749 3228 794 3265 to
813 3239 839 3265 a
858 3225 1006 3266 verbal
1025 3229 1267 3278 agreement
1290 3226 1335 3265 in
1355 3227 1618 3276 translation,
1639 3226 1803 3266 related
1813 3227 1871 3278 by
