2124 3554
197 218 301 258 cst.
318 212 507 266 XLVII]
563 204 823 258 adversus
842 227 845 229 “
863 201 1064 256 Ge‘n'les'
1081 211 1188 271 pro
1231 200 1579 256 Christianis.
1755 216 1857 272 139

197 348 471 412 negotiator
505 352 557 397 et
592 348 779 408 salutis,
803 347 1061 395 verborum
1089 349 1140 394 et
1170 344 1410 393 factorum
1433 343 1671 408 operator,
1695 361 1860 392 rerum

196 431 478 480 aedificator
510 435 562 480 et
598 431 884 486 destructor,
921 427 1244 491 interpolator
1280 426 1480 491 erroris
1501 431 1552 476 et
1574 426 1862 490 integrator

195 514 435 575 veritatis,
454 515 654 564 furator
678 515 783 577 ejus
807 517 858 562 et
881 516 1059 561 custos.

796 726 1021 776 CAPUT
1058 726 1268 775 XLVII,

263 839 457 888 Amano
483 839 612 888 enim
646 838 769 886 mihi
803 836 998 902 proficit
1033 836 1303 900 antiquitas
1337 839 1646 901 praestructa
1668 835 1860 884 divinae
1878 857 1900 898 5

196 922 518 983 litteraturae,
547 939 642 986 quo
677 921 817 970 facile
849 921 1078 970 credatur
1107 919 1389 968 thesaurum
1426 935 1529 967 eam
1564 918 1715 966 fuisse
1750 936 1861 981 pos-

195 1005 363 1054 teriori
410 1004 583 1068 cuique
624 1002 911 1068 sapientiae.
977 1002 1046 1050 Et
1085 1001 1129 1049 si
1167 1018 1266 1049 non
1306 1017 1427 1049 onus
1461 1003 1564 1063 jam
1600 1000 1862 1048 voluminis
1920 1021 1926 1027 ·

196 1094 530 1151 temperarem,
554 1087 703 1135 etiam
726 1101 1031 1134 excurrerem
1055 1084 1110 1131 in
1131 1084 1255 1132 hane
1280 1101 1472 1147 quoque
1507 1083 1859 1147 probationem.

196 1169 319 1231 Quis
353 1175 619 1234 poetarum,
645 1169 756 1232 quis
791 1167 1132 1231 sophistarum,
1166 1167 1251 1230 qui
1285 1183 1383 1214 non
1419 1167 1480 1215 de
1513 1166 1861 1230 prophetarum

195 1254 330 1300 fonte
369 1252 645 1316 potaverit?
714 1250 836 1299 Inde
875 1249 1031 1313 igitur
1071 1249 1348 1313 philosophi
1389 1249 1524 1298 sitim
1559 1248 1747 1312 ingenii
1784 1249 1861 1297 sui
1880 1265 1931 1293 10

196 1335 514 1398 rigaverunt3
550 1351 662 1382 nam
686 1332 800 1396 quia
825 1332 1062 1396 quaedam
1087 1332 1145 1379 de
1169 1331 1348 1380 nostris
1372 1331 1565 1389 habent,
1583 1349 1638 1379 ea
1660 1336 1862 1395 propter

196 1435 282 1467 nos
319 1422 600 1481 comparant
633 1416 747 1465 illis.
816 1415 955 1476 Inde,
991 1414 1179 1479 opinor,
1216 1420 1266 1464 et
1306 1432 1336 1463 a
1377 1415 1669 1479 quibusdam
1703 1414 1860 1478 philo-

155 1484 159 1488 ⁴
195 1499 364 1563 sophia
387 1499 575 1563 legibus
593 1516 782 1563 quoque
807 1500 960 1561 ejecta
985 1502 1072 1557 est,
1091 1515 1120 1546 a
1140 1497 1382 1545 Thebanis
1406 1497 1528 1556 dico,
1546 1514 1575 1545 a
1595 1496 1861 1560 Spartiatis

195 1586 245 1630 et
267 1571 483 1644 Argivis.
552 1581 686 1628 Dum
709 1582 771 1629 ad
801 1585 969 1629 nostra
992 1583 1227 1628 conantur
1251 1584 1301 1627 et
1323 1579 1541 1627 homines
1572 1578 1773 1642 gloriae,
1803 1583 1861 1628 ut

194 1663 499 1723 diximuS„et
533 1663 837 1727 eloquentiae
875 1663 1023 1711 solius
1058 1661 1323 1721 libidinosi,
1359 1661 1402 1710 si
1437 1661 1557 1724 quid
1592 1661 1644 1708 in
1681 1661 1860 1710 sanetis
1881 1685 1927 1725 15

194 1745 498 1794 offenderunt
534 1745 750 1809 digestis,
776 1745 952 1793 exinde
986 1751 1233 1808 regestum
1267 1761 1356 1808 pro
1391 1743 1624 1792 instituto
1657 1744 1859 1792 curiosi-

249 1865 287 1906 5.
325 1847 498 1896 Adhuc
535 1858 664 1895 enim
701 1857 821 1894 mihi
858 1857 1046 1901 proficit
1065 1867 1074 1895 :
1122 1856 1134 1876 ‘
1149 1855 1272 1894 bears
1313 1857 1387 1894 out
1423 1853 1511 1893 this
1548 1853 1668 1906 point
1705 1854 1751 1894 of
1785 1867 1859 1907 my

194 1915 443 1969 argument!

302 1981 606 2026 praestructa.
665 1978 741 2017 Oh.
764 1988 826 2030 19.

249 2052 288 2091 9.
318 2042 426 2087 quis
455 2042 772 2085 sophistarum
801 2069 810 2078 .
834 2069 844 2079 .
874 2069 884 2079 .
913 2041 1161 2086 potaverit.
1219 2039 1286 2079 On
1314 2038 1388 2078 the
1419 2038 1562 2077 notion
1589 2039 1686 2078 that
1717 2052 1858 2090 pagan

195 2101 482 2153 philosophers
499 2114 609 2140 were
627 2100 826 2141 indebted
851 2105 896 2140 to
915 2101 1034 2152 Holy
1053 2101 1266 2152 Scripture
1292 2100 1357 2139 for
1375 2113 1507 2152 many
1524 2099 1572 2139 of
1594 2100 1706 2140 their
1724 2101 1856 2150 ideas,

195 2176 262 2202 see
288 2163 377 2202 also
401 2163 518 2202 Just.
538 2161 671 2202 Mart.
691 2161 821 2213 Apol.
852 2162 881 2202 i.
914 2172 991 2212 543
1019 2162 1151 2202 Clem,
1170 2162 1294 2201 Alex,
1317 2160 1473 2201 Strom.
1503 2161 1531 2200 i.
1565 2168 1613 2212 17
1636 2162 1857 2212 (referring

194 2228 240 2264 to
258 2224 300 2263 S.
319 2223 438 2264 John
456 2237 496 2263 x.
518 2223 582 2274 8),
598 2221 732 2274 ταύτῃ
761 2221 793 2261 δ’
814 2221 864 2262 ἂν
893 2221 972 2262 εἶεν
994 2227 1006 2245 ‘
1019 2223 1190 2262 κλέπται
1219 2221 1284 2261 καὶ
1311 2221 1463 2273 λῃσταὶ
1476 2220 1486 2235 ’
1506 2222 1543 2260 οῖ
1569 2221 1658 2273 παρ’
1677 2221 1857 2274 ’Ἐλλησι

194 2283 428 2337 φιλόσοφοι,
440 2284 506 2324 καὶ
524 2284 599 2336 πρὸ
618 2286 691 2335 τῆς
708 2285 781 2324 τοῦ
795 2283 941 2336 Κυρίου
959 2283 1170 2336 παρουσίας
1187 2282 1293 2335 παρὰ
1307 2284 1387 2322 τῶν
1400 2283 1622 2335 Ἑβραϊκῶν
1643 2285 1859 2336 προφητῶν

195 2345 293 2399 μέρη
312 2346 383 2396 τῆς
401 2345 586 2397 ἀληθείας
605 2346 650 2386 οὐ
669 2346 758 2385 κατ’
777 2345 989 2398 ἐπίγνωσιν
1002 2345 1216 2396 λαβόντες,
1233 2345 1342 2385 ἀλλὰ
1357 2346 1408 2385 ὡς
1424 2345 1502 2385 ἴδια
1522 2345 1857 2397 σφετερισάμενοι

195 2407 399 2459 δόγματα,
429 2411 530 2455 eto.;
558 2408 616 2449 ib.
649 2419 712 2455 21,
741 2407 827 2459 περὶ
859 2407 934 2458 μὲν
967 2409 1041 2448 τοῦ
1074 2410 1163 2460 παρ’
1193 2407 1391 2458 Ἐβραΐων
1424 2406 1476 2446 τὰ
1508 2407 1590 2446 τῶν
1620 2407 1860 2459 φιλοσόφων

196 2470 490 2521 ἐσκευωρῆσθαι
519 2468 704 2521 δόγματα
734 2501 742 2510 .
763 2500 772 2510 .
796 2501 806 2510 .
835 2469 1115 2522 διαληψόμεθα.
1173 2471 1315 2522 Oomp.
1334 2470 1448 2509 Tert.
1473 2471 1524 2509 de
1549 2473 1643 2511 test.
1664 2472 1795 2511 anim.
1819 2481 1856 2522 5.

197 2533 274 2572 See
291 2530 554 2573 Gladstone’s
576 2532 808 2584 Gleaninqs
826 2533 896 2573 vii.
913 2544 991 2583 403
1020 2536 1032 2554 ‘
1044 2532 1244 2572 Paradise
1263 2532 1480 2584 Regained
1493 2531 1502 2547 ’
1520 2532 1560 2571 b.
1580 2533 1637 2573 iv.

255 2606 316 2634 12.
347 2606 434 2634 nos
453 2599 726 2640 comparant
745 2597 842 2634 illis
861 2609 872 2634 τ
900 2600 910 2615 ⁶
925 2608 988 2633 we
1007 2608 1079 2634 are
1098 2594 1271 2634 likened
1288 2598 1334 2634 to
1351 2594 1469 2633 them
1487 2594 1545 2645 by
1563 2592 1671 2646 you?

253 2666 317 2707 14.
347 2659 474 2695 Dum
501 2658 562 2695 ad
588 2660 750 2696 nostra
772 2661 1004 2696 conantur
1022 2670 1032 2696 ε
1061 2659 1073 2678 ‘
1088 2656 1249 2696 Whilst
1267 2656 1372 2708 they
1391 2669 1462 2696 are
1480 2656 1796 2709 endeavouring
1813 2660 1859 2695 to

194 2717 361 2757 imitate
380 2730 456 2757 our
473 2715 706 2757 doctrines?

304 2780 521 2818 homines
533 2780 720 2825 gloriae,
731 2782 787 2818 ut
803 2781 1021 2818 diximus
1054 2778 1129 2818 Oh.
1147 2777 1223 2830 463
1241 2791 1372 2831 comp.
1389 2778 1452 2818 ch.
1468 2789 1518 2831 19
1522 2780 1668 2831 fra-q„
1682 2779 1858 2830 ‘gloriae

194 2840 400 2888 homines,
421 2840 456 2878 si
474 2839 577 2891 quid
595 2839 860 2889 invenerant,
882 2843 930 2879 ut
953 2840 1165 2892 proprium
1184 2840 1382 2886 facerent,
1402 2840 1778 2880 adulteraverunt.’

253 2912 316 2953 15.
347 2904 390 2940 si
408 2903 525 2948 quid
540 2903 838 2941 offenderunt
856 2916 867 2941 ε
896 2904 907 2923 ‘
921 2901 960 2940 if
969 2901 1071 2954 they
1086 2902 1268 2942 stumble
1282 2906 1328 2942 at
1342 2903 1550 2955 anything
1564 2903 1610 2942 in
1623 2917 1699 2942 our
1714 2905 1858 2943 sacred

195 2960 412 3014 vnit-inge?

254 3023 315 3063 16.
346 3025 555 3070 digestis.
601 3023 786 3075 Applied
809 3027 854 3063 to
872 3024 946 3063 the
965 3023 1199 3076 Scriptures
1220 3025 1314 3065 adv.
1329 3025 1471 3065 Maro.
1491 3025 1548 3065 iv.
1570 3037 1593 3076 3
1609 3039 1620 3075 ;
1648 3026 1735 3066 and
1754 3028 1856 3067 used

195 3085 242 3124 in
259 3086 332 3125 the
352 3086 455 3137 sing.
476 3087 487 3106 ‘
504 3085 712 3136 digestum
731 3085 897 3133 Lucae,'
917 3085 973 3126 ib.
993 3086 1050 3126 iv.
1072 3097 1108 3137 5.

305 3151 540 3194 regestum
559 3161 569 3186 z
598 3148 610 3167 ‘
623 3147 882 3186 transcribed
901 3147 985 3186 and
1004 3147 1165 3188 altered
1183 3151 1228 3188 to
1248 3148 1332 3188 suit
1351 3148 1425 3188 the
1443 3149 1543 3201 plan
1564 3148 1610 3189 of
1623 3150 1736 3190 their
1762 3163 1856 3190 own

196 3207 363 3260 faney’;
392 3221 459 3248 see
476 3212 575 3248 note
594 3221 648 3248 on
667 3209 907 3259 euriositas,
927 3208 990 3249 eh.
1011 3220 1031 3247 2
1037 3220 1073 3261 5.
