2124 3554
204 255 278 306 44
671 241 1007 297 Tertulliani
1040 242 1093 295 A
1087 242 1417 312 polegetz'cus
1677 250 1794 304 [CAP.
1813 253 1887 293 XI.

203 384 525 435 humanitatis
549 385 602 434 in
627 385 953 446 divinitatem,
980 386 1096 451 quia
1119 405 1242 452 quas
1265 387 1366 436 illis
1398 387 1631 438 stationes
1656 391 1706 437 et
1728 392 1891 452 potes-

201 474 332 519 tates
369 469 710 530 distribuistis,
735 475 841 519 tam
874 471 1076 519 fuerunt
1110 470 1174 519 ab
1209 470 1369 532 initio,
1401 488 1547 534 quam
1582 475 1632 520 et
1666 471 1887 530 fuissent,

203 552 397 602 etiamsi
421 554 537 602 deos
561 553 684 602 istos
708 571 806 601 non
831 553 1099 603 creassetis.

272 636 370 686 Sed
404 636 749 685 convertimini
783 636 847 684 ad
881 653 1103 685 caussam
1135 636 1295 695 aliam,
1320 636 1667 702 respondentes
1703 636 1891 686 collati-

163 732 186 773 5
205 736 345 768 onem
364 719 642 769 divinitatis
665 719 954 767 meritorum
970 720 1438 768 remunerandorum
1455 720 1607 769 fuisse
1630 719 1889 769 rationem.

202 804 271 853 Et
311 803 427 851 hinc
465 802 754 863 concedetis,
798 802 988 866 opinor,
1032 802 1177 851 illum
1224 802 1388 851 Deum
1425 803 1653 853 deificum
1693 803 1891 868 justitia

203 887 508 952 praecellere,
535 886 623 949 qui
651 903 738 934 nec
766 890 962 945 temere,
988 903 1077 936 nec
1108 886 1310 951 indigne
1339 903 1428 936 nec
1462 887 1665 951 prodige
1693 891 1892 936 tantum

204 969 478 1035 praemium
524 970 835 1034 dispensarit.
906 970 1030 1018 Volo
1089 969 1248 1033 igitur
1293 970 1472 1019 merita
1516 987 1779 1029 recensere,
1827 987 1892 1020 an

205 1053 443 1117 ejusmodi
479 1053 592 1112 sint,
629 1057 688 1101 ut
724 1053 837 1102 illos
872 1052 926 1100 in
962 1053 1149 1101 caelum
1184 1053 1471 1113 extulerint,
1508 1057 1559 1102 et
1592 1070 1689 1102 non
1724 1052 1891 1117 potius

140 1155 190 1190 10
205 1136 258 1184 in
296 1138 448 1184 imum
484 1140 730 1184 tartarum
778 1136 1113 1195 demerserint,
1157 1154 1302 1201 quem
1339 1153 1579 1186 carcerem
1624 1153 1893 1200 poenarum

204 1220 508 1268 infernarum
555 1237 665 1268 cum
713 1219 884 1268 multis
931 1219 1198 1268 affirmatis.
1292 1220 1418 1268 Illuc
1477 1220 1609 1268 enim
1666 1219 1894 1268 abstrudi

204 1304 363 1351 solent
386 1303 528 1367 impii
553 1302 737 1368 quique
759 1302 813 1350 in
835 1308 1074 1367 parentes,
1101 1308 1150 1351 et
1172 1302 1227 1351 in
1250 1318 1438 1351 sorores
1462 1302 1652 1362 incesti,
1673 1307 1724 1351 et
1747 1301 1893 1351 mari·

203 1393 368 1435 tarum
403 1386 634 1446 adulteri,
660 1390 710 1434 et
734 1385 986 1449 virginum
1021 1390 1246 1450 raptores
1282 1391 1332 1435 et
1365 1403 1633 1451 puerorum
1657 1384 1892 1435 contami-

205 1467 414 1529 natores,
440 1473 490 1518 et
514 1469 600 1535 qui
636 1469 876 1530 saeviunt,
902 1473 952 1518 et
975 1469 1063 1532 qui
1097 1469 1339 1530 occidunt,
1365 1473 1416 1518 et
1451 1469 1539 1533 qui
1570 1470 1815 1529 furantur,
1841 1472 1894 1518 et

141 1568 188 1610 15
206 1553 293 1617 qui
316 1553 582 1618 decipiunt,
613 1557 665 1602 et
689 1553 986 1617 quicumque
1022 1552 1206 1601 similes
1230 1558 1347 1602 sunt
1384 1552 1592 1616 alicujus
1617 1552 1696 1600 dei
1719 1552 1888 1613 vestri,

203 1653 348 1700 quem
372 1636 614 1685 neminem
627 1636 876 1699 integrum
901 1642 931 1684 a
949 1635 1154 1684 crimine
1178 1640 1266 1684 aut
1280 1635 1404 1684 vitio
1419 1637 1626 1699 probare
1645 1635 1892 1699 poteritis,

205 1719 303 1768 nisi
339 1718 585 1768 hominem
615 1718 928 1783 negaveritis.
997 1718 1194 1782 Atquin
1234 1723 1293 1767 ut
1330 1718 1442 1767 illos
1484 1717 1703 1768 homines
1743 1718 1893 1767 fuisse

206 1820 303 1851 non
338 1802 547 1866 potestis
583 1818 774 1866 negare,
813 1801 963 1850 etiam
1003 1801 1127 1850 istae
1162 1806 1308 1851 notae
1343 1802 1597 1862 accedunt,
1634 1818 1762 1865 quae
1803 1818 1893 1849 nec

205 1887 319 1934 deos
354 1889 527 1950 postea
561 1886 714 1933 factos
751 1884 884 1932 credi
919 1884 1232 1948 permittunt.
1315 1884 1370 1934 Si
1407 1884 1540 1933 enim
1581 1884 1765 1933 talibus
1807 1900 1893 1933 vos

140 1991 191 2019 20
207 1969 469 2034 puniendis
492 1967 795 2033 praesidetis,
821 1967 862 2016 si
895 1968 1250 2027 commercium,
1276 1967 1589 2031 colloquium,
1615 1967 1893 2016 convictum

207 2053 448 2101 malorum
485 2055 536 2100 et
570 2051 797 2114 turpium
830 2049 976 2114 probi
1013 2050 1200 2115 quique
1237 2050 1489 2114 respuitis,
1514 2050 1690 2099 horum
1724 2053 1894 2098 autem

206 2151 345 2200 pares
382 2135 517 2183 Deus
554 2134 638 2183 ille
675 2133 947 2198 majestatis
972 2150 1087 2183 suae
1123 2133 1367 2182 consortio
1403 2132 1594 2193 ascivit,
1620 2132 1742 2196 quid
1778 2148 1895 2196 ergo

207 2217 465 2279 damnatis,
511 2234 719 2282 quorum
765 2217 978 2280 collegas
1026 2215 1284 2265 adoratis?
1374 2215 1671 2280 Suggillatio
1718 2219 1794 2264 est
1841 2215 1895 2263 in

206 2301 340 2349 caelo
365 2307 528 2350 vestra
548 2299 762 2365 justitia.
799 2300 929 2349 Deos
959 2299 1105 2348 facite
1137 2298 1557 2348 criminosissimos
1581 2315 1811 2363 quosque,
1838 2301 1897 2346 ut

143 2406 190 2446 25
207 2384 441 2448 placeatis
477 2383 573 2433 diis
607 2383 799 2433 vestris.
870 2383 1081 2431 Illorum
1117 2387 1193 2432 est
1228 2382 1382 2430 honor
1418 2381 1718 2432 consecratio
1761 2398 1896 2430 coae-

264 2559 303 2598 4.
338 2547 432 2585 Sed
461 2545 818 2585 convertimini.
874 2542 1008 2583 Third
1020 2542 1207 2583 heathen
1218 2542 1345 2594 pleat
1375 2541 1521 2594 ‘They
1539 2555 1650 2581 were
1679 2540 1832 2581 deified
1851 2553 1897 2581 as

210 2621 236 2647 a
254 2607 419 2647 reward
439 2607 484 2647 of
499 2607 614 2647 their
631 2604 806 2647 merite?
862 2606 1104 2646 Tertullian
1131 2606 1285 2658 replies
1313 2605 1413 2645 that
1440 2605 1516 2645 the
1544 2605 1727 2656 impious
1745 2603 1896 2644 crimes

210 2670 258 2709 of
271 2670 411 2710 which
430 2670 534 2722 they
554 2683 663 2710 were
681 2669 823 2722 guilty
841 2668 1047 2708 rendered
1066 2668 1186 2708 them
1205 2667 1375 2719 worthy
1395 2667 1442 2707 of
1462 2667 1674 2719 anything
1700 2667 1780 2707 but
1808 2665 1895 2705 dei-

209 2732 407 2782 fication;
440 2732 566 2772 while
594 2732 633 2771 if
659 2732 822 2772 certain
850 2732 1015 2771 virtues
1043 2731 1096 2770 be
1123 2729 1337 2770 conceded
1365 2729 1500 2779 them,
1530 2729 1596 2769 for
1622 2729 1696 2768 the
1726 2727 1826 2767 sake
1855 2726 1901 2766 of

212 2798 451 2847 argument,
472 2795 612 2834 better
630 2808 729 2834 men
748 2795 858 2834 have
890 2794 1000 2834 been
1030 2793 1294 2833 overlooked.
1353 2793 1499 2844 Comp.
1519 2787 1802 2832 Athanasius'
1821 2802 1896 2829 use

211 2857 258 2895 of
273 2857 347 2896 the
367 2870 483 2897 same
502 2861 740 2910 argument,
762 2860 895 2897 contr.
923 2856 1081 2895 Gentes
1105 2855 1167 2894 18.

272 2930 333 2958 11.
365 2932 473 2959 cum
507 2921 701 2959 multis:
731 2921 743 2940 ‘
758 2933 842 2971 you
867 2918 973 2958 with
1002 2930 1132 2969 many
1161 2915 1304 2956 others
1322 2913 1357 2964 ';
1385 2916 1466 2956 but
1494 2914 1571 2955 the
1595 2912 1773 2964 reading
1802 2925 1896 2951 oum

212 2981 363 3031 vultis,
400 2983 411 3002 ‘
426 2981 550 3021 when
587 2995 671 3034 you
708 2981 845 3021 admit
882 2979 1098 3032 anything
1134 2992 1189 3018 on
1226 2979 1301 3018 the
1336 2978 1502 3030 subject
1532 2981 1579 3017 at
1609 2973 1698 3026 a11,’
1729 2976 1764 3015 is
1802 2989 1895 3027 pre-

213 3043 386 3084 ferable.
716 3074 719 3078 ,

274 3118 289 3144 1
301 3116 337 3145 2.
368 3107 546 3145 solent:
566 3105 579 3127 ‘
594 3118 665 3145 are
686 3104 955 3145 accustomed
966 3108 1011 3144 to
1029 3103 1083 3143 be
1102 3102 1245 3142 thrust
1258 3100 1295 3151 ’ς
1323 3102 1353 3142 i.
1372 3114 1405 3141 e.
1426 3101 1484 3154 by
1496 3113 1602 3153 your
1612 3100 1780 3140 writers
1798 3099 1895 3139 who

212 3172 328 3210 treat
348 3168 394 3208 of
409 3169 484 3208 the
503 3168 668 3220 subject
687 3168 733 3208 of
743 3169 888 3207 future
905 3166 1091 3207 rewards
1111 3166 1197 3205 and
1216 3165 1528 3218 punishments.

274 3243 337 3282 23.
371 3232 660 3278 Suggillatio
681 3243 690 3271 :
721 3230 787 3270 lit.
809 3233 822 3252 ‘
837 3244 863 3269 a
876 3229 1004 3270 black
1021 3227 1107 3268 and
1122 3228 1223 3268 blue
1237 3224 1406 3274 bruise‚‘
1431 3225 1516 3266 and
1537 3237 1582 3266 so
1602 3226 1614 3246 ‘
1632 3238 1688 3265 an
1708 3223 1893 3274 affront,'

213 3293 227 3316 ‘
246 3306 273 3332 a
291 3289 416 3345 gibe.'
471 3291 561 3332 The
580 3291 684 3331 verb
705 3303 848 3331 occurs
867 3291 931 3330 ch.
952 3303 991 3343 4,
1017 3299 1082 3342 39.
