2124 3554
202 242 300 285 Cu.
317 237 451 291 Xv1.]
525 230 787 283 adversus
828 229 1023 283 Gentes
1047 238 1154 297 pro
1197 229 1543 284 Christianis,
1801 239 1870 296 55

199 376 329 440 plius
374 375 428 423 in
471 392 538 435 eo,
578 375 632 423 in
672 392 767 439 quo
807 391 990 423 errasse
1036 392 1088 429 se
1133 374 1515 438 recognoscendo
1563 375 1871 424 cessaverint.

202 459 311 507 Hoc
333 459 470 522 prius
494 459 666 522 capite,
693 464 742 507 et
766 475 955 506 omnem
988 457 1105 506 hinc
1140 457 1434 506 sacramenti
1467 457 1625 506 nostri
1657 457 1873 505 ordinem

199 540 410 600 haurite,
437 541 734 605 repercussis·
755 545 868 590 ante
890 546 1056 590 tamen
1080 539 1391 604 opinionibus
1415 539 1563 589 falsis.

835 700 1060 749 CAPUT
1096 700 1231 748 XVI.

268 800 412 860 ΝΛΜ,
450 806 508 848 ut
551 800 765 863 quidam,
810 799 1086 848 somniastis
1125 804 1271 863 caput
1307 799 1554 848 asininum
1591 816 1692 848 esse
1729 799 1871 847 deum
1893 815 1914 854 5

202 887 436 931 nostrum.
509 883 651 930 Hanc
701 882 961 930 Cornelius
1008 881 1204 930 Tacitus
1264 882 1587 946 suspicionem
1639 882 1876 945 ejusmodi

199 964 419 1013 inseruit.
490 964 543 1012 Is
586 964 715 1012 enim
759 964 814 1011 in
854 964 1027 1028 quinta
1068 963 1402 1012 Historiarum
1448 981 1646 1012 suarum
1693 965 1875 1013 bellum

200 1046 234 1094 J
236 1046 465 1094 udaicum
512 1064 710 1095 exorsus
755 1047 817 1094 ab
863 1046 1052 1109 origine
1097 1046 1270 1109 gentis,
1318 1046 1466 1094 etiam
1513 1047 1571 1095 de
1620 1046 1728 1110 ipsa
1773 1051 1876 1095 tam

200 1128 405 1191 origine,
444 1138 590 1191 quam
631 1129 690 1176 de
735 1128 926 1176 nomine
973 1135 1024 1177 et
1069 1127 1302 1192 religione
1351 1128 1512 1191 gentis
1553 1146 1678 1192 quae
1717 1129 1876 1178 voluit

200 1216 583 1274 argumentatus,
623 1210 655 1257 J
659 1210 837 1258 udaeos
878 1210 1031 1280 refert
1071 1208 1307 1273 Aegypto
1353 1210 1621 1273 expeditos,
1663 1211 1777 1269 sive,
1817 1216 1876 1258 ut
1895 1232 1946 1258 10

200 1292 412 1356 putavit,
449 1297 677 1351 extorres,
717 1291 771 1339 in
805 1291 957 1340 vastis
987 1289 1202 1340 Arabiae
1237 1291 1356 1340 locis
1392 1309 1631 1356 aquarum
1668 1294 1874 1356 egentis-

200 1374 351 1434 simis,
391 1392 502 1422 cum
539 1374 625 1422 siti
661 1380 1035 1434 macerarentur,
1079 1373 1288 1436 onagris,
1331 1374 1418 1437 qui
1459 1375 1586 1423 forte
1631 1375 1691 1423 de
1733 1380 1877 1438 pastu

199 1462 370 1520 potum
403 1456 614 1520 petituri
648 1455 1040 1515 aestimabantur,
1071 1456 1314 1504 indicibus
1341 1456 1491 1504 fontis
1525 1473 1639 1504 usos
1675 1458 1735 1505 ob
1771 1474 1878 1505 eam

199 1539 409 1603 gratiam
448 1539 710 1587 consimilis
750 1539 938 1587 bestiae
978 1539 1282 1602 superficiem
1323 1556 1639 1588 consecrasse.
1709 1539 1877 1604 Atque

199 1620 272 1670 ita
295 1621 420 1679 inde,
446 1622 629 1685 opinor,
655 1625 1037 1685 praesumptum,
1065 1638 1153 1670 nos
1185 1637 1378 1685 quoque
1412 1625 1470 1670 ut
1493 1622 1524 1668 J
1528 1622 1728 1671 udaicae
1764 1622 1876 1670 reli-
1898 1643 1945 1683 15

198 1692 356 1769 gionis
389 1705 700 1768 propinquos,
726 1704 883 1752 eidem
918 1703 1176 1752 simulacro
1211 1703 1417 1752 initiari.
1486 1703 1562 1752 At
1586 1707 1712 1752 enim
1748 1706 1877 1754 idem

201 1786 458 1835 Cornelius
493 1786 705 1847 Tacitus,
732 1803 847 1835 sane
881 1786 967 1834 ille
1000 1786 1367 1835 mendaciorum
1402 1786 1784 1850 loquacissimus,
1822 1788 1876 1835 in

201 1896 307 1937 with
323 1902 487 1949 respect
503 1901 549 1937 to
567 1897 687 1937 those
706 1897 850 1949 things
869 1897 999 1937 about
1014 1896 1151 1937 which
1171 1897 1274 1949 they
1294 1897 1441 1937 ceased
1459 1901 1504 1937 to
1523 1898 1575 1937 be
1593 1899 1805 1938 mistaken
1829 1899 1875 1938 in

199 1958 274 1999 the
293 1972 396 2013 very
414 1962 483 1998 act
502 1959 548 1998 of
562 1959 828 2011 recognizing
846 1959 943 1999 that
963 1959 1067 2012 they
1085 1959 1170 2011 had
1189 1959 1297 1998 been
1320 1957 1393 1998 so.’

259 2031 296 2061 2.
327 2023 606 2061 sacramenti
625 2023 791 2061 nostri.
849 2021 927 2060 See
947 2025 1047 2060 note
1067 2034 1121 2060 on
1139 2026 1463 2071 sacramentum,
1482 2021 1546 2060 ch.
1571 2030 1607 2073 7.

258 2092 294 2133 5.
328 2085 467 2131 Nam,
486 2087 541 2121 ut
562 2085 767 2129 quidam,
789 2085 867 2122 ete.
925 2083 981 2121 In
999 2082 1086 2122 this
1106 2082 1295 2134 chapter,
1316 2082 1457 2122 before
1477 2083 1729 2134 proceeding
1748 2087 1793 2122 to
1811 2087 1875 2122 set

202 2143 316 2183 forth
344 2144 418 2183 the
445 2144 534 2182 real
562 2149 714 2183 nature
743 2143 789 2183 of
806 2144 881 2183 the
908 2141 1157 2183 Christians’
1185 2143 1327 2191 belief,
1347 2144 1412 2183 ch.
1436 2152 1499 2195 17,
1521 2144 1761 2183 Tertullian
1790 2144 1871 2183 dis-

202 2218 320 2257 poses
347 2204 391 2244 of
411 2204 506 2244 four
525 2206 786 2244 calumnious
811 2209 973 2256 reports
999 2206 1236 2257 commonly
1258 2206 1491 2245 circulated
1520 2206 1772 2257 concerning
1798 2206 1874 2245 the

203 2266 419 2306 Christian
437 2266 579 2318 Deity.

311 2331 453 2374 caput
475 2330 726 2368 asininum.
798 2338 834 2366 1.
858 2326 1055 2378 Worship
1087 2326 1133 2365 of
1157 2340 1213 2366 an
1239 2324 1340 2366 ass’s
1367 2327 1502 2367 head:
1535 2328 1594 2366 ad
1614 2327 1721 2367 Nat.
1747 2328 1774 2366 i.
1799 2339 1872 2373 103

201 2403 264 2441 cp.
287 2388 539 2429 MimFelix
558 2401 597 2441 9.
621 2390 687 2437 28,
705 2388 844 2428 where
864 2388 937 2428 the
956 2401 1070 2428 same
1087 2392 1231 2440 report
1257 2389 1293 2429 is
1319 2390 1568 2429 mentioned
1589 2390 1649 2441 by
1668 2389 1873 2429 Caecilius

203 2451 290 2491 and
306 2450 473 2490 refuted
490 2450 537 2489 in
555 2464 581 2489 a
601 2450 760 2489 similar
778 2462 955 2489 manner
973 2450 1031 2501 by
1050 2450 1263 2490 Octavius.

258 2510 298 2552 6.
327 2514 573 2552 Cornelius
607 2514 813 2551 Tacitus.
870 2510 987 2550 Hist.
1017 2524 1058 2550 v.
1090 2522 1128 2560 3,
1161 2523 1201 2561 4,
1232 2513 1244 2532 ‘
1256 2510 1495 2550 Adsensere
1527 2515 1655 2563 atque
1687 2512 1874 2551 omnium

201 2573 340 2626 ignari
369 2572 595 2612 fortuitum
622 2573 706 2612 iter
725 2572 946 2624 incipiunt.
1005 2571 1090 2612 Sed
1117 2572 1225 2611 nihil
1254 2586 1387 2624 aeque
1415 2585 1544 2624 quam
1571 2573 1714 2624 inopia
1741 2586 1874 2624 aquae

201 2634 428 2687 fatigabat.
496 2635 681 2686 Jamque
714 2634 830 2673 haud
861 2634 1007 2685 procul
1046 2634 1190 2682 exitio,
1221 2634 1324 2673 totis
1356 2634 1512 2685 campis
1548 2635 1869 2686 procubuerant.

200 2710 298 2736 cum
324 2709 426 2748 grex
450 2696 662 2735 asinorum
687 2695 918 2748 agrestium
945 2709 968 2735 e
993 2699 1119 2748 pastu
1143 2694 1189 2733 in
1215 2708 1363 2746 rupem
1385 2708 1553 2734 nemore
1580 2708 1751 2747 opacam
1778 2709 1873 2735 con·

200 2759 339 2798 cessit.
397 2758 575 2798 Secutus
596 2758 780 2811 Moyses,
800 2758 1039 2809 conjectura
1057 2756 1223 2796 herbidi
1243 2756 1335 2805 soli,
1356 2757 1496 2808 largas
1516 2769 1724 2808 aquarum
1742 2769 1872 2796 venas

201 2820 337 2871 aperit
357 2851 367 2861 .
391 2850 402 2860 .
422 2850 434 2861 .
454 2819 649 2871 Effigiem
668 2818 873 2867 animalis,
897 2831 980 2870 quo
999 2821 1262 2857 monstrante
1281 2831 1463 2857 errorem
1485 2818 1685 2870 sitimque
1705 2818 1872 2870 depule-

200 2885 314 2931 rant,
333 2881 541 2933 penetrali
561 2877 803 2921 sacravere.’

259 2954 322 2994 14.
353 2944 649 2989 superficiem
669 2959 706 2974 =
727 2943 870 2992 caput,
889 2941 948 2993 by
967 2953 1023 2980 an
1042 2939 1365 2991 extraordinary
1384 2953 1458 2979 use
1478 2940 1524 2979 of
1539 2940 1614 2980 the
1634 2940 1764 2981 word.

260 3015 323 3055 15.
350 3006 577 3044 Judaicae
605 3004 854 3050 religionis
882 3003 1186 3048 propinquos.
1245 3001 1320 3053 Cp.
1351 3002 1404 3041 de
1433 3005 1524 3041 test.
1546 3004 1675 3042 anim.
1707 3012 1746 3053 5,
1768 3003 1822 3042 ‘J
1827 3016 1871 3041 u-

202 3065 326 3106 daeos
348 3096 358 3106 .
380 3096 391 3106 .
411 3096 421 3105 .
439 3067 484 3105 in
503 3078 682 3117 quorum
708 3064 822 3117 [olea
841 3064 912 3115 ex]
934 3065 1114 3104 oleastro
1142 3063 1262 3102 insiti
1289 3062 1477 3103 sumus.'r
1516 3064 1605 3103 The
1634 3064 1870 3114 Christiane

202 3140 311 3167 were
329 3128 571 3179 constantly
588 3127 716 3178 being
734 3126 933 3166 confused
951 3125 1056 3166 with
1076 3125 1150 3164 the
1169 3125 1287 3164 Jews
1307 3125 1366 3177 by
1382 3126 1457 3164 the
1476 3125 1871 3178 undiscriminating

202 3187 411 3229 heathen:
442 3189 554 3228 Dion
582 3189 695 3228 Cass.
716 3189 833 3228 lxvii.
853 3199 905 3240 14
918 3201 929 3236 ;
957 3187 1094 3227 lxviii.
1119 3197 1135 3226 1
1156 3201 1166 3234 ;
1194 3186 1366 3227 Sueton.
1386 3187 1542 3228 Claud.
1568 3198 1615 3239 25
1634 3201 1644 3237 ;
1673 3201 1736 3239 cp.
1753 3189 1869 3227 Just.

204 3248 338 3291 Mart.
359 3249 465 3291 dial.
486 3263 518 3290 c.
545 3250 703 3303 Trypb.
728 3259 791 3302 17.
