2124 3554
148 234 245 273 οη.
263 226 486 278 ΧΧΧΙΧ.]
560 219 824 272 adversus
866 217 1062 271 Gentes
1092 226 1192 285 pro
1237 216 1579 271 Christianis.
1711 230 1772 266 12
1778 230 1809 282 3

147 362 401 425 refrigerio
430 362 526 411 isto
551 365 787 426 juvamus,
813 378 910 410 non
935 378 1029 424 qua
1062 377 1209 424 penes
1233 377 1317 408 vos
1351 359 1558 424 parasiti
1581 358 1812 406 affectant

147 444 209 491 ad
243 444 447 507 gloriam
484 445 787 493 famulandae
822 442 1066 491 libertatis
1102 443 1190 491 sub
1225 445 1589 490 auctoramento
1624 438 1812 488 ventris

145 525 274 574 inter
305 527 620 575 contumelias
656 525 922 590 saginandi,
949 525 1032 573 sed
1057 542 1153 588 qua
1183 541 1330 587 penes
1355 524 1513 572 Deum
1550 525 1703 585 major
1737 526 1811 570 est

145 609 490 672 contemplatio
513 608 837 657 mediocrium.

215 690 267 738 Si
308 690 510 740 honesta
549 707 716 740 caussa
751 693 823 738 est
862 688 1088 748 convivii,
1131 689 1377 752 reliquum
1413 687 1632 736 ordinem
1670 686 1810 735 disci·
1829 694 1851 734 5

145 771 307 836 plinae
339 772 606 832 aestimate,
633 772 718 837 qui
751 772 830 830 sit,
854 772 913 819 de
941 771 1191 834 religionis
1220 771 1402 819 officio:
1442 770 1566 831 nihil
1589 769 1811 826 vilitatis,

145 854 269 902 nihil
309 855 641 904 immodestiae
683 854 901 903 admittit
918 872 930 914 ;
980 871 1077 902 non
1118 854 1255 917 prius
1293 853 1630 910 discumbitur,
1666 868 1812 915 quam

146 937 302 984 oratio
343 938 405 986 ad
445 938 601 985 Deum
639 942 1010 1001 praegustetur3
1063 937 1226 984 editur
1267 940 1506 999 quantum
1547 934 1812 982 esurientes

145 1019 373 1082 capiunt3
410 1019 600 1068 bibitur
623 1024 860 1082 quantum
883 1018 1073 1083 pudicis
1098 1024 1170 1067 est
1192 1018 1329 1066 utile.
1400 1017 1482 1066 Ita
1514 1022 1812 1074 saturantur,

145 1106 203 1148 ut
228 1101 312 1163 qui
345 1101 653 1150 meminerint
676 1102 823 1150 etiam
859 1119 947 1164 per
981 1106 1172 1149 noctem
1207 1101 1508 1149 adorandum
1534 1100 1694 1148 Deum
1721 1098 1813 1147 sibi
1834 1112 1883 1140 10

146 1199 273 1242 esse;
311 1183 380 1231 ita
414 1183 711 1242 fabulantur,
737 1188 794 1231 ut
830 1183 916 1246 qui
953 1183 1109 1231 sciant
1138 1183 1402 1231 Dominum
1438 1182 1621 1230 audire.
1692 1181 1813 1228 Post

146 1281 319 1328 aquam
343 1266 617 1313 manualem
641 1269 690 1314 et
719 1265 917 1324 lumina,
943 1270 999 1312 ut
1025 1265 1228 1328 quisque
1254 1266 1312 1312 de
1345 1264 1602 1328 scripturis
1636 1264 1813 1312 sanctis

145 1347 223 1394 vel
261 1347 319 1395 de
359 1347 556 1411 proprio
597 1347 793 1412 ingenio
827 1352 1001 1412 potest,
1038 1352 1330 1410 provocatur
1367 1347 1420 1394 in
1461 1347 1676 1394 medium
1711 1347 1814 1393 Deo

146 1445 343 1488 canere;
380 1429 492 1477 hine
520 1430 758 1492 probatur
790 1430 1024 1493 quomodo
1056 1429 1249 1477 biberit.
1319 1429 1491 1492 Aeque
1519 1429 1672 1477 oratio
1702 1446 1812 1476 con-

144 1510 332 1559 vivium
354 1510 555 1559 dirimit.
626 1511 750 1559 Inde
786 1511 1053 1561 disceditur
1086 1529 1182 1559 non
1218 1511 1270 1558 in
1296 1517 1513 1560 catervas
1538 1511 1812 1559 caesionum
1833 1530 1880 1569 15

145 1608 300 1656 neque
346 1580 399 1640 in
439 1593 614 1642 classes
655 1593 1076 1653 discursationum,
1115 1610 1208 1644 nec,
1250 1593 1302 1640 in
1344 1593 1625 1656 eruptiones
1673 1593 1813 1641 lasci-

203 1698 238 1728 1.
267 1689 527 1738 refrigerio,
549 1690 560 1709 ‘
577 1687 863 1738 consolation:
887 1690 898 1709 ‘
913 1688 1192 1728 refreshment
1212 1687 1223 1704 '
1233 1702 1244 1738 ;
1271 1689 1346 1729 the
1363 1689 1478 1729 word
1495 1702 1639 1729 recurs
1652 1689 1717 1728 ch.
1734 1701 1786 1741 49
1804 1703 1813 1737 ;

144 1749 240 1789 adv.
260 1750 401 1790 Mare.
425 1750 485 1790 iii.
510 1763 574 1802 24,
596 1751 677 1792 and
700 1751 828 1803 Vulg.
849 1751 918 1791 Ps.
940 1751 1042 1790 lxvi.
1067 1762 1131 1790 12.

86 1821 89 1824 ·
201 1822 234 1852 2.
267 1815 355 1851 sub
375 1817 726 1853 auctoramento
745 1815 939 1862 ventris,
964 1816 976 1833 ‘
990 1813 1054 1852 for
1073 1813 1184 1853 their
1201 1811 1351 1865 belly's
1371 1811 1510 1865 wage.’

197 1885 237 1923 4.
267 1877 619 1924 contemplatio,
653 1877 664 1895 ‘
678 1872 1015 1924 consideration,'
1042 1888 1068 1914 a
1100 1888 1218 1914 sense
1250 1875 1493 1927 frequently
1520 1875 1739 1927 attaching
1767 1879 1811 1914 to

142 1933 230 1973 this
249 1935 363 1974 word
382 1935 428 1974 in
444 1936 642 1988 juridical
661 1937 800 1976 Latin.

198 1995 236 2036 6.
267 1999 393 2036 nihil
420 2000 637 2048 vilitatis,
660 1998 862 2050 ‘nothing
888 1997 1163 2050 disgraceful’
1182 2013 1191 2046 ;
1220 1999 1306 2039 this
1332 1999 1530 2051 meaning
1549 1998 1595 2039 of
1609 1999 1757 2038 vilitas
1775 1999 1810 2037 is

144 2057 244 2109 only
262 2057 393 2097 found
420 2059 466 2098 in
493 2059 580 2099 late
609 2059 782 2099 authors
798 2073 809 2108 ;
838 2073 968 2111 comp.
998 2061 1126 2112 Apul.
1157 2061 1279 2101 Flor.
1302 2062 1327 2101 i.
1352 2070 1400 2113 73
1430 2061 1644 2100 Ammian.
1675 2061 1809 2099 Marc.

143 2119 228 2159 xiv.
249 2118 301 2167 63
329 2119 473 2167 Quint.
494 2134 533 2159 v.
556 2128 592 2172 7.
617 2132 680 2170 23.

203 2187 238 2230 7.
269 2192 410 2227 quam
438 2184 591 2221 oratio
620 2185 681 2221 ad.
710 2185 863 2222 Deum
882 2188 1221 2230 praegustetur.
1277 2183 1366 2222 The
1385 2184 1415 2223 J
1420 2183 1549 2223 ewish
1569 2183 1749 2234 practice
1769 2182 1814 2221 of

144 2242 294 2293 saying
322 2247 332 2262 ‘
346 2255 468 2293 grace
496 2243 638 2283 before
666 2242 825 2290 meals‚'
858 2245 1103 2283 sanctioned
1131 2244 1217 2283 and
1246 2245 1438 2284 enforced
1466 2245 1524 2296 by
1544 2243 1719 2284 Christ's
1739 2258 1808 2284 ex-

144 2303 282 2354 ample
304 2301 362 2355 (S.
384 2303 513 2343 Matt.
531 2305 617 2344 xiv.
641 2316 704 2356 19,
725 2304 929 2358 etfreq.)‚
950 2319 1035 2345 was
1062 2306 1278 2358 regularly
1296 2307 1498 2345 observed
1518 2307 1574 2358 by
1593 2307 1666 2345 the
1693 2306 1810 2358 early

144 2366 391 2406 Christian&
450 2366 592 2418 Gomp.
622 2367 663 2406 S.
693 2367 802 2406 Paul
830 2371 876 2406 to
903 2367 946 2406 S.
976 2368 1176 2421 Timothy
1199 2379 1216 2406 1
1249 2369 1330 2419 Ep.
1362 2367 1417 2406 iv.
1450 2379 1498 2419 5;
1528 2368 1659 2407 Olem.
1679 2368 1808 2408 Alex.

144 2429 281 2468 Paed.
299 2428 342 2468 ii.
364 2440 392 2478 4
411 2429 460 2467 ὡς
480 2426 522 2467 δὲ
542 2427 730 2480 ἁρμόδιον
750 2427 839 2479 πρὶν
861 2428 962 2478 ἡμᾶς
990 2430 1246 2478 μεταλαβεῖν
1273 2430 1438 2481 τροφῆς,
1460 2430 1541 2469 τῶν
1570 2429 1810 2478 συμπάντων

145 2488 330 2539 εὐλογεῖν
359 2487 433 2528 τὸν
463 2488 644 2540 ποιητήν,
676 2489 781 2530 οὕτω
809 2488 877 2528 καῖ
902 2489 1007 2542 παρὰ
1035 2489 1160 2529 ποτὸν
1189 2490 1355 2541 καθήκει
1385 2492 1562 2544 ψάλλειν
1590 2492 1698 2543 αὐτῷ
1727 2492 1809 2531 τῶν

143 2551 266 2590 αὐτοῦ
285 2550 672 2601 μεταλαμβάνοντας
690 2551 936 2602 κτισμάτων.
971 2554 1038 2593 On
1058 2554 1131 2593 the
1149 2553 1335 2594 heathen
1355 2555 1535 2606 practice
1555 2567 1622 2593 see
1638 2555 1808 2594 Words-

142 2612 292 2662 worth,
311 2613 382 2653 Oh.
405 2613 523 2653 Hist.
543 2614 602 2653 iii.
623 2625 668 2652 11
690 2627 700 2661 ;
729 2615 938 2654 Merivale
958 2628 996 2654 v.
1019 2616 1085 2654 82.

201 2685 262 2713 10.
293 2686 377 2720 per
398 2679 585 2715 noctem
603 2678 895 2715 adorandum
915 2679 1079 2716 Deum.
1135 2677 1373 2717 Tei-tullian
1392 2677 1600 2716 mentions
1620 2677 1695 2717 the
1715 2691 1808 2717 noe-

144 2739 298 2775 turnae
317 2737 639 2786 convocatione&
660 2737 719 2776 ad
738 2751 860 2780 uxor.
884 2738 928 2777 ii.
950 2751 988 2789 4.
1045 2739 1112 2778 On
1127 2739 1200 2777 the
1219 2743 1381 2778 custom
1400 2738 1445 2778 of
1459 2739 1637 2790 praying
1655 2739 1809 2792 during

143 2798 216 2837 the
244 2798 367 2849 night
395 2811 464 2837 see
493 2798 567 2838 the
599 2799 832 2840 references
866 2800 950 2839 and
979 2801 1222 2852 quotations
1255 2801 1301 2840 in
1334 2801 1492 2840 Housss
1527 2811 1581 2839 or
1609 2800 1808 2851 PRAYER,

144 2858 261 2898 Diet.
286 2859 383 2899 Olor.
404 2859 501 2899 Ant.

201 2931 262 2960 11.
296 2923 365 2960 ita
383 2923 671 2969 fabulantur,
694 2926 759 2970 ut,
794 2925 805 2943 ‘
819 2922 922 2975 they
941 2936 985 2963 so
1002 2937 1200 2964 converse
1226 2937 1272 2963 as
1299 2923 1420 2964 those
1440 2923 1535 2963 who
1549 2924 1674 2963 know
1695 2955 1702 2963 .
1728 2956 1736 2964 .
1758 2923 1807 2964 .'·

142 2982 250 3034 Eph.
270 2983 326 3022 iv.
351 2994 416 3035 29,
439 2994 515 3033 30;
544 2983 696 3022 Ooloss.
719 2983 773 3022 iv.
798 2982 836 3023 6.

200 3054 262 3094 15.
290 3047 570 3091 caesionum,
595 3044 683 3083 ‘for
710 3048 798 3084 acts
827 3045 872 3084 of
885 3044 1115 3086 violence’:
1145 3046 1230 3086 this
1257 3047 1292 3086 is
1320 3060 1346 3086 a
1374 3060 1476 3099 very
1504 3060 1608 3095 rare,
1639 3047 1676 3086 if
1690 3051 1765 3086 not
1783 3061 1809 3087 a

142 3106 316 3158 solitary
334 3107 523 3146 instance
543 3106 589 3145 of
603 3106 739 3146 caesio
759 3107 865 3146 with
885 3107 971 3146 this
991 3108 1281 3160 signification.
1342 3108 1573 3148 Columella
1587 3108 1662 3160 (iv.
1679 3121 1742 3159 33.
1764 3110 1804 3160 Ι)

143 3179 238 3206 uses
258 3167 294 3207 it
314 3167 360 3207 of
375 3170 386 3189 ‘
402 3168 585 3219 pruning
597 3165 608 3184 ’
626 3172 748 3208 trees.
810 3167 887 3207 See
906 3173 1019 3218 note,
1039 3169 1102 3208 ch.
1129 3181 1151 3219 3
1157 3181 1178 3220 5
1196 3183 1206 3218 ;
1236 3169 1321 3208 and
1340 3182 1395 3209 on
1416 3173 1426 3191 ‘
1440 3170 1514 3209 the
1540 3170 1748 3223 brutality
1768 3172 1814 3210 of

122 3268 131 3275 .
145 3227 294 3268 bullies
311 3229 356 3269 in
378 3229 449 3269 the
467 3228 647 3278 streete:
669 3230 787 3282 Inge,
807 3229 949 3270 Soc-iaz
968 3230 1067 3283 Life
1085 3231 1132 3271 in
1151 3232 1292 3282 Rome,
1312 3245 1350 3283 p.
1371 3230 1436 3279 46.
