2124 3554
229 234 253 268 1
262 234 294 268 0
302 233 331 271 2
696 218 1027 272 Tertulliani
1061 220 1112 271 A
1108 221 1435 288 pologelicus
1630 227 1749 281 [Cap.
1770 232 1907 274 XXX.

225 362 442 411 excubiis
463 362 563 411 suis
586 362 718 412 salva
742 369 1011 427 praestant.
1067 366 1194 413 Puto
1213 368 1388 423 autem,
1406 364 1494 413 hae
1519 364 1651 429 ipsae
1670 365 1907 414 materiae

226 447 286 495 de
309 446 520 495 metallis
541 446 806 495 Caesarum
825 448 1043 506 veniunt,
1062 453 1112 496 et
1130 454 1235 496 tota
1254 448 1435 512 templa
1455 449 1514 495 de
1539 453 1663 496 nutu
1685 449 1912 497 Caesaris

226 534 468 578 constant.
541 528 692 577 Multi
730 530 940 594 denique
983 530 1054 578 dii
1092 530 1371 579 habuerunt
1414 530 1672 579 Caesarem
1711 531 1908 580 iratum.

224 612 366 661 Facit
413 613 476 661 ad
524 630 757 672 caussam,
798 613 839 661 si
882 618 933 661 et
975 614 1261 677 propitium,
1302 632 1411 663 cum
1452 614 1552 662 illis
1594 614 1781 679 aliquid
1822 620 1911 662 aut

187 712 208 753 5
225 695 543 744 liberalitatis
566 700 655 744 aut
678 697 942 760 privilegii,
971 698 1171 746 confert.
1241 697 1326 746 Ita
1351 697 1436 761 qui
1469 702 1584 745 sunt
1612 697 1663 744 in
1689 697 1910 746 Caesaris

224 783 482 842 potestate,
526 782 666 841 cujus
713 785 763 827 et
804 781 898 828 toti
943 786 1073 839 sunt,
1116 782 1362 844 quomodo
1405 775 1657 829 'habebunt
1699 781 1910 828 salutem

225 862 449 910 Caesaris
497 862 550 909 in
598 867 858 925 potestate,
898 870 953 911 ut
996 881 1101 912 eam
1149 870 1402 927 praestare
1449 882 1592 928 posse
1633 864 1910 922 videantur,

226 962 374 1008 quam
423 945 620 993 facilius
668 945 764 1008 ipsi
811 964 840 995 a
889 946 1095 995 Caesare
1142 949 1544 1012 consequantur?
1628 948 1747 996 Ideo
1793 964 1912 1010 ergo

185 1035 187 1037 ’
227 1027 586 1076 committimus
628 1028 681 1075 in
729 1031 1036 1091 majestatem
1083 1031 1451 1094 imperatorum,
1494 1031 1610 1094 quia
1657 1030 1767 1079 illos
1814 1047 1911 1077 non

161 1131 211 1160 10
228 1110 513 1172 subjicimus
555 1111 702 1159 rebus
742 1112 873 1173 suis;
910 1114 1027 1176 quia
1062 1131 1160 1162 non
1197 1113 1417 1162 ludimus
1453 1113 1513 1162 de
1550 1113 1705 1161 officio
1742 1111 1913 1161 salutis

227 1211 412 1253 eorum,
449 1194 535 1257 qui
574 1211 683 1242 eam
722 1212 821 1243 non
856 1201 1089 1260 putamus
1127 1197 1180 1244 in
1221 1197 1449 1246 manibus
1485 1214 1586 1245 esse
1629 1196 1911 1260 plumbatis.

228 1276 324 1325 Sed
360 1294 447 1325 vos
482 1277 714 1340 religiosi,
753 1278 837 1342 qui
875 1297 983 1327 eam
1019 1280 1255 1343 quae-ritis
1294 1280 1380 1327 ubi
1416 1296 1512 1327 non
1549 1284 1636 1339 est,
1675 1278 1848 1342 petitis
1885 1296 1914 1327 a

226 1361 404 1423 quibus
430 1361 538 1409 dari
576 1378 675 1408 non
709 1367 888 1425 potest,
924 1363 1191 1425 praeterito
1215 1380 1272 1411 eo
1295 1362 1350 1409 in
1374 1365 1516 1425 cujus
1545 1367 1620 1410 est
1654 1366 1912 1427 potestate.

225 1444 437 1507 Insuper
479 1461 559 1492 eos
607 1444 878 1504 debellatis,
921 1445 1006 1508 qui
1055 1463 1160 1494 eam
1206 1445 1370 1494 sciunt
1411 1450 1592 1509 petere,
1636 1445 1721 1509 qui
1762 1444 1912 1510 etiam

162 1551 207 1590 15
225 1531 431 1590 possunt
456 1527 737 1591 impetrare,
764 1527 877 1576 dum
912 1529 1075 1577 sciunt
1100 1534 1279 1592 petere.

861 1685 1087 1735 CAPUT
1125 1687 1282 1735 XXX.

295 1796 346 1844 Ν
351 1811 408 1845 os
435 1797 563 1844 enim
587 1814 677 1861 pro
702 1798 862 1845 salute
887 1798 1238 1861 imperatorum
1263 1798 1422 1846 Deum
1446 1797 1730 1846 invocamus
1754 1801 1912 1846 aeter-

225 1897 358 1939 num,
384 1880 540 1927 Deum
578 1898 761 1940 verum,
789 1881 951 1929 Deum
981 1881 1165 1940 vivum,
1194 1898 1339 1943 quem
1376 1886 1425 1929 et
1461 1880 1557 1944 ipsi
1592 1881 1912 1944 imperatores

225 1963 501 2027 propitium
549 1963 642 2011 sibi
689 1970 886 2028 praeter
927 1969 1113 2012 ceteros
1161 1965 1366 2012 malunt.
1439 1962 1629 2023 Sciunt,
1667 1964 1777 2027 quis
1812 1963 1912 2012 illis

158 2062 209 2090 20
225 2046 415 2094 dederit
452 2046 746 2110 imperium3
799 2047 974 2107 sciunt,
1014 2064 1112 2111 qua
1154 2046 1388 2105 homines,
1428 2046 1538 2110 quis
1577 2052 1628 2095 et
1664 2046 1911 2106 animam;

225 2129 462 2188 sentiunt,
506 2148 619 2178 eum
660 2131 821 2178 Deum
865 2148 966 2179 esse
1009 2131 1179 2189 solum,
1216 2130 1269 2177 in
1311 2131 1448 2193 cujus
1484 2129 1634 2177 solius
1670 2133 1914 2193 potestate

225 2218 356 2274 sunt,
385 2232 413 2262 a
451 2230 548 2276 quo
585 2219 703 2263 sunt
742 2214 956 2274 secundi,
992 2220 1102 2278 post
1140 2230 1283 2276 quem
1318 2212 1482 2276 primi,
1512 2219 1625 2260 ante
1661 2229 1827 2261 omnes
1863 2219 1914 2261 et

287 2335 321 2364 1.
354 2326 442 2363 hae
464 2326 594 2370 ipsae
616 2327 843 2365 materiae
865 2328 923 2365 de
944 2327 1164 2365 metallis.
1224 2324 1369 2375 Comp.
1390 2327 1503 2372 note,
1524 2323 1588 2362 ch.
1614 2334 1677 2362 12.

286 2399 320 2427 2.
355 2393 458 2428 tota
479 2391 658 2435 templa
677 2392 735 2428 de
755 2394 880 2428 nutu
899 2390 1124 2430 Caesaris.
1182 2387 1354 2427 Sueton.
1383 2387 1523 2439 Caliy.
1547 2397 1611 2426 22.

285 2462 323 2501 5.
355 2452 439 2497 qui
461 2455 573 2489 sunt
594 2453 647 2490 in
668 2454 882 2492 Caesaris
903 2456 1155 2498 potestate.
1213 2451 1356 2502 Comp.
1383 2450 1441 2489 ad
1465 2451 1593 2502 Scap.
1618 2460 1653 2488 2.
1847 2496 1855 2503 θ

282 2525 321 2563 9.
352 2515 698 2552 committimus
728 2515 782 2553 in
810 2516 1136 2560 majestatem:
1171 2516 1261 2552 ‘we
1290 2513 1357 2551 sin
1385 2512 1554 2563 against
1574 2542 1583 2551 .
1609 2543 1618 2551 .
1642 2509 1692 2559 .';
1725 2510 1913 2551 commit-

227 2578 314 2613 tere
333 2574 369 2614 is
390 2575 493 2614 used
512 2574 644 2615 absol.
665 2576 724 2629 by
742 2576 890 2616 Cicero
909 2577 959 2615 in
970 2575 1090 2615 Verr.
1114 2576 1158 2615 ii.
1178 2587 1212 2616 1.
1227 2586 1281 2626 43
1297 2587 1308 2623 3
1335 2587 1452 2614 more
1471 2574 1639 2627 usually
1659 2574 1914 2614 committere

228 2639 380 2676 eontra
403 2637 550 2689 legem,
570 2639 619 2677 in
645 2638 777 2690 legem
795 2652 842 2678 or
863 2638 964 2689 leye.

288 2711 304 2737 1
316 2711 349 2738 1.
379 2702 641 2747 plumbatis
661 2716 670 2740 ε
692 2702 704 2721 ‘
717 2700 914 2741 soldered
932 2700 1037 2740 with
1056 2700 1153 2740 lead
1167 2698 1177 2715 '
1193 2713 1203 2748 ;
1232 2713 1363 2752 comp.
1380 2699 1444 2739 611.
1465 2710 1529 2746 12,
1547 2700 1559 2720 ‘
1572 2702 1673 2739 ante
1691 2698 1913 2751 plumbum

228 2767 271 2801 et
290 2762 505 2813 glutinum
530 2767 574 2803 et
594 2763 795 2815 gomphos
815 2764 906 2803 sine
923 2763 1063 2815 capite
1082 2766 1184 2802 sunt
1204 2762 1263 2801 dii
1285 2760 1444 2802 vestri.’

287 2834 347 2863 12.
381 2826 610 2871 religiosi.
651 2825 898 2877 Ironically,
918 2837 964 2864 as
982 2825 1028 2863 in
1047 2825 1111 2864 611.
1128 2823 1153 2862 6
1175 2824 1270 2864 init.
1316 2824 1568 2876 Irreliyiosi
1585 2823 1621 2863 is
1641 2834 1667 2863 a
1688 2835 1776 2862 var.
1802 2822 1912 2871 leet„

227 2886 424 2938 carrying
443 2891 519 2927 out
538 2887 612 2926 the
630 2887 785 2939 charge
805 2900 850 2927 as
869 2886 1058 2926 retorted
1077 2886 1123 2925 in
1143 2886 1208 2926 ch.
1233 2897 1296 2938 24.

286 2959 347 2998 14.
378 2961 459 2988 eos
480 2951 748 2988 debellatis.
809 2948 888 2988 See
907 2952 1021 2996 note,
1043 2947 1106 2988 ch.
1132 2958 1168 2998 5.

287 3017 347 3061 17.
381 3013 482 3049 Nos
503 3013 633 3050 enim
653 3023 741 3057 pro
762 3013 929 3051 salute.
1004 3010 1147 3061 Comp.
1171 3010 1229 3048 ad
1252 3009 1379 3062 Scap.
1405 3021 1424 3048 2
1443 3023 1453 3055 ;
1482 3009 1567 3049 and
1586 3011 1687 3047 note
1705 3007 1854 3047 below.

285 3082 348 3122 19.
383 3074 566 3121 Sciunt,
589 3076 711 3122 quis,
733 3075 809 3112 etc.
867 3072 931 3117 Sc.
957 3085 1044 3124 qua
1063 3073 1339 3123 imperatores
1353 3086 1364 3121 ;
1394 3071 1525 3123 ‘they
1554 3084 1626 3110 are
1645 3070 1743 3109 well
1772 3082 1911 3109 aware

228 3132 296 3186 (as
317 3140 547 3184 emperors)
574 3134 666 3173 who
685 3147 793 3186 gave
813 3134 930 3174 them
950 3134 1062 3173 their
1080 3133 1274 3185 imperial
1292 3146 1456 3186 power;
1485 3147 1531 3173 as
1556 3145 1667 3179 men,
1689 3131 1783 3171 who
1803 3144 1912 3183 gave

229 3194 349 3234 them
368 3193 492 3242 life‘;
522 3209 654 3248 comp.
675 3197 739 3236 ch.
762 3207 800 3248 5,
822 3199 933 3248 ‘qua
952 3200 996 3237 et
1015 3193 1166 3236 homo.'
1222 3195 1335 3236 Plin.
1356 3196 1519 3247 Paney.
1545 3206 1582 3244 1,
1604 3207 1668 3247 52.

284 3268 347 3297 22.
381 3270 408 3297 a
446 3270 539 3305 quo
574 3263 686 3297 sunt
718 3261 930 3299 secundi.
986 3258 1075 3298 The
1114 3258 1272 3310 empire
1305 3270 1390 3298 was
1427 3257 1634 3310 regarded
1666 3257 1712 3296 in
1742 3256 1913 3297 various
