2124 3554
234 248 300 296 14
699 233 1035 296 Tertulliani
1067 235 1443 304 Apologetz'cus
1699 245 1819 298 [CAP.
1842 250 1914 289 ΙΙΙ.

229 376 556 426 Christianus.
593 376 726 426 Item
743 378 895 427 alius:
935 379 1042 443 Ego
1057 378 1207 427 miror
1232 378 1441 428 Lucium
1465 379 1733 443 sapientem
1748 381 1912 430 virum

225 465 425 525 repente
459 461 643 510 factum
674 461 1023 511 Christianum.
1094 462 1250 510 Nemo
1285 466 1556 512 retractat:
1595 463 1769 514 Nonne
1803 464 1914 513 ideo

225 545 384 593 bonus
411 544 575 605 Caius,
605 549 654 593 et
683 545 898 609 prudens
930 545 1129 604 Lucius,
1155 545 1274 608 quia
1300 545 1645 595 Christianus?
1680 531 1769 596 aut
1805 547 1914 595 ideo

226 627 556 687 Christianus,
582 627 698 690 quia
732 627 947 691 prudens
971 631 1023 676 et
1056 628 1245 677 bonus‘l
1317 627 1548 677 Laudant
1576 646 1700 692 quae
1737 629 1911 689 sciunt,

185 725 208 764 5
224 710 513 774 vituperant
537 728 662 775 quae
685 710 931 774 ignorant,
949 715 1001 760 et
1024 710 1075 758 id
1091 711 1226 775 quod
1250 710 1428 771 sciunt,
1447 729 1503 760 eo
1521 713 1653 775 quod
1669 713 1911 777 ignorant,

224 798 579 859 corrumpunt3
617 811 729 843 cum
753 793 818 843 sit
833 794 1018 859 justius
1041 785 1235 844 occulta
1258 794 1318 842 de
1354 794 1629 845 manifestis
1665 795 1912 860 praejudi—

224 894 347 938 care,
379 896 524 942 quam
559 877 821 926 manifesta
858 878 918 927 de
954 878 1157 927 occultis
1193 868 1560 942 praedamnare.
1632 876 1752 938 Alii,
1789 896 1912 943 quos

222 966 356 1010 retro
382 966 495 1010 ante
519 961 610 1009 hoc
634 978 809 1009 nomen
833 978 994 1025 vagos,
1014 961 1151 1022 viles,
1177 961 1428 1026 improbos
1451 967 1702 1022 noverant,
1720 978 1781 1011 ex
1804 962 1913 1026 ipso

222 1044 471 1104 denotant,
488 1062 585 1108 quo
603 1044 839 1104 laudant3
865 1044 1098 1093 caecitate
1117 1044 1219 1092 odii
1238 1044 1287 1092 in
1311 1044 1598 1109 suffragium
1615 1045 1911 1110 impingunt.

157 1147 207 1176 10
224 1127 359 1188 Quae
406 1127 611 1176 mulier!
649 1143 796 1191 quam
845 1126 1040 1186 lasciva,
1078 1144 1225 1190 quam
1267 1127 1475 1177 festiva!
1548 1128 1647 1190 Qui
1686 1129 1910 1193 juvenis!

222 1229 368 1276 quam
403 1211 630 1270 lascivus,
657 1228 808 1274 quam
841 1211 1084 1260 amasius!
1155 1211 1298 1261 Facti
1333 1216 1449 1261 sunt
1473 1212 1757 1262 Christiani.
1828 1213 1911 1261 Ita

221 1311 398 1343 nomen
422 1293 758 1343 emendationi·
777 1293 1070 1357 imputatur.
1141 1294 1384 1344 Nonnulli
1408 1295 1559 1343 etiam
1595 1295 1654 1343 de
1677 1294 1911 1344 utilitati-

220 1379 312 1427 bus
336 1377 438 1427 suis
463 1395 574 1426 cum
611 1377 722 1426 odio
745 1377 840 1426 isto
863 1376 1194 1442 paciscuntur,
1221 1377 1443 1426 contenti
1476 1377 1672 1442 injuria,
1699 1378 1816 1426 dum
1848 1395 1912 1447 ne

220 1463 352 1511 domi
375 1462 603 1521 habeant,
631 1461 762 1524 quod
786 1461 1010 1511 oderunt.
1083 1461 1304 1509 Uxorem
1323 1463 1426 1523 jam
1450 1461 1680 1525 pudicam
1703 1461 1910 1510 maritus

156 1563 203 1605 15
216 1546 320 1610 jam
355 1562 454 1594 non
490 1545 743 1608 zelotypus
779 1544 934 1608 ejecit,
959 1543 1117 1593 filium
1147 1544 1252 1608 jam
1287 1544 1563 1607 subjectum
1599 1548 1742 1608 pater
1776 1536 1912 1594 retro

219 1629 412 1693 patiens
437 1627 698 1687 abdicavit,
723 1644 917 1676 servum
937 1629 1039 1691 jam
1077 1627 1272 1676 fidelem
1296 1627 1524 1676 dominus
1549 1628 1664 1676 olim
1687 1628 1823 1678 mitis
1847 1628 1909 1676 ab

219 1712 373 1760 oculis
397 1710 636 1775 relegavit
658 1728 668 1758 ε
705 1715 762 1758 ut
787 1710 994 1774 quisque
1017 1710 1107 1759 hoc
1134 1710 1333 1760 nomine
1357 1711 1660 1771 emendatur,
1688 1710 1904 1760 offendit.

221 1795 371 1844 Tanti
394 1812 492 1843 non
516 1798 590 1843 est
612 1795 809 1852 bonum,
831 1793 1005 1858 quanti
1030 1797 1104 1842 est
1128 1793 1295 1842 odium
1320 1793 1724 1842 Christianorum.
1759 1794 1907 1841 Nunc

219 1879 388 1943 igitur,
415 1878 458 1926 si
485 1875 697 1926 nominis
733 1876 899 1925 odium
934 1880 1022 1935 est,
1060 1875 1170 1940 quis
1206 1876 1459 1926 nominum
1495 1879 1696 1926 reatus?
1769 1876 1908 1938 Quae

155 1979 206 2008 20
221 1961 463 2012 accusatio
488 1960 852 2020 vocabulorum,
872 1959 968 2008 nisi
993 1959 1034 2008 si
1057 1964 1145 2008 aut
1168 1960 1433 2009 barbarum
1457 1964 1598 2009 sonat
1622 1959 1787 2024 aliqua
1810 1976 1908 2009 vox

219 2046 446 2105 nominis,
488 2048 576 2093 aut
621 2043 906 2104 infaustum,
949 2047 1037 2091 aut
1082 2043 1384 2104 maledicum,
1426 2045 1516 2092 aut
1564 2043 1905 2108 impudicum?

218 2128 533 2180 Christianus
575 2143 713 2186 vero,
754 2131 996 2189 quantum
1041 2126 1388 2191 interpretatio
1435 2129 1525 2186 est,
1567 2126 1626 2175 de
1673 2126 1905 2177 unctione

217 2212 489 2261 deducitur.
562 2210 660 2261 Sed
691 2214 741 2259 et
776 2227 886 2258 cum
911 2226 1166 2274 perperam
1203 2208 1523 2258 Chrestianus
1554 2208 1908 2273 pronuntiatur

217 2354 260 2388 to
289 2346 509 2398 designate
535 2357 591 2383 an
621 2343 862 2396 imaginary
886 2356 934 2382 or
964 2341 1178 2381 unnamed
1208 2353 1471 2400 personage:
1498 2340 1625 2380 much
1653 2354 1698 2380 as
1724 2341 1904 2394 English

218 2411 398 2462 lawyers
415 2407 620 2459 formerly
639 2405 863 2459 employed
876 2405 951 2444 the
969 2404 1132 2444 initials
1154 2407 1164 2425 ‘
1179 2404 1224 2443 J.
1241 2401 1314 2452 S.,'
1333 2404 1364 2443 i.
1379 2416 1412 2443 e.
1434 2404 1445 2424 ‘
1458 2402 1578 2443 John
1596 2400 1766 2454 Styles.'

277 2485 315 2512 2.
345 2474 507 2511 Nemo*
529 2472 766 2509 retractat.
825 2471 836 2491 ⁴
850 2467 922 2507 No
942 2480 1020 2506 one
1051 2466 1238 2506 troubles
1258 2469 1304 2506 to
1327 2465 1523 2505 consider
1548 2465 1741 2505 whether
1763 2496 1772 2504 .
1798 2496 1806 2504 .
1831 2463 1873 2510 .‚’
1892 2480 1902 2488 ·

219 2550 289 2576 see
304 2539 404 2575 note
420 2547 473 2574 on
487 2535 737 2582 retractare,
757 2530 822 2571 ch.
840 2541 860 2569 2
867 2541 889 2582 5
905 2542 916 2579 ;
946 2542 1079 2581 comp.
1095 2527 1239 2581 Scorp.
1261 2536 1298 2580 7,
1318 2530 1330 2549 ‘
1341 2542 1418 2569 nec
1430 2529 1656 2581 quisquam
1671 2525 1902 2573 retractat,'

219 2602 293 2640 etc.

273 2660 313 2701 6.
344 2662 668 2705 corrumpunt.
736 2655 866 2696 Their
902 2668 1007 2707 very
1044 2653 1308 2706 recognition
1345 2651 1393 2692 of
1425 2651 1501 2692 the
1544 2652 1652 2705 good
1688 2651 1900 2704 qualities‚

220 2725 362 2771 bonus,
384 2722 566 2773 prudens
589 2720 618 2773 (‘
631 2719 677 2759 id
695 2718 810 2772 quod
830 2716 1013 2769 sciunt’)
1037 2717 1074 2756 is
1093 2716 1260 2756 marred
1278 2716 1337 2769 by
1350 2715 1425 2755 the
1439 2715 1709 2768 exprobratio
1721 2714 1902 2754 nominis

226 2785 466 2827 Christiani
485 2783 623 2823 which
643 2795 741 2835 goes
761 2781 887 2832 along
905 2780 1012 2820 with
1032 2780 1068 2819 it
1090 2780 1122 2830 (‘
1136 2792 1184 2818 eo
1199 2778 1312 2831 quod
1324 2778 1520 2830 ignorant
1534 2775 1564 2829 ')
1582 2790 1593 2826 ;
1624 2779 1902 2828 corrumpunt

218 2851 255 2889 is
276 2847 495 2900 employed
514 2845 724 2897 similarly
742 2844 807 2884 ch.
827 2841 896 2895 46.

274 2924 312 2964 9.
343 2914 395 2949 in
410 2911 687 2956 suffragium
701 2909 975 2953 impingunt
991 2919 999 2946 :
1022 2907 1032 2926 ‘
1049 2905 1095 2945 in
1113 2904 1226 2944 their
1243 2902 1367 2943 blind
1378 2901 1531 2942 hatred
1545 2901 1650 2954 they
1663 2914 1734 2940 are
1750 2900 1899 2940 driven

218 2979 264 3015 to
296 2986 392 3026 pass
426 2985 452 3010 a
480 2969 727 3010 favourable
759 2965 1010 3021 judgment.'
1089 2967 1179 3006 The
1209 2968 1397 3006 contrast
1428 2964 1575 3004 drawn
1605 2963 1796 3003 between
1825 2963 1899 3002 the

219 3048 357 3089 pagan
376 3033 461 3073 and
481 3032 698 3072 Christian
725 3031 832 3070 lives
861 3029 906 3070 of
920 3030 1034 3070 their
1058 3028 1213 3069 former
1231 3025 1392 3066 friends
1410 3038 1496 3066 was
1517 3039 1573 3065 an
1591 3024 1770 3076 implicit
1789 3037 1897 3063 com-

219 3096 466 3138 mendation
485 3093 531 3135 of
545 3093 658 3134 their
677 3092 936 3132 conversion.

281 3158 342 3200 16.
374 3159 639 3198 abdicavit:
661 3157 672 3177 ‘
687 3152 1011 3200 disinherited';
1040 3153 1115 3193 the
1125 3151 1302 3205 judicial
1319 3149 1600 3202 signification
1620 3147 1666 3188 of
1681 3148 1896 3188 abdic-are.

220 3223 276 3263 In
295 3221 360 3262 ch.
381 3219 406 3259 6
427 3219 734 3259 abdicaverunt
752 3217 873 3256 bears
893 3216 950 3256 its
968 3215 1090 3255 usual
1110 3227 1228 3254 sense
1249 3213 1296 3253 of
1313 3205 1550 3264 ‘'rejected.'

280 3296 299 3325 2
307 3295 342 3335 3.
354 3284 660 3324 Chrestianus
673 3292 682 3320 ι
699 3292 830 3331 comp.
841 3278 1011 3318 Sueton.
1028 3275 1184 3319 Claud.
1203 3286 1269 3327 25,
1279 3275 1324 3316 ‘J
1327 3274 1482 3314 udaeos
1490 3272 1713 3325 impulsore
1721 3271 1896 3312 Chresto
