2124 3554
251 205 318 258 88
679 203 683 209 “
721 202 1055 269 Tertulliani
1089 206 1140 258 Α
1135 205 1464 274 pologetz‘cus
1630 214 1747 268 [Cn.
1769 218 1930 261 xxm.

249 350 319 399 dii
345 350 447 401 sint
474 369 633 416 neque
657 351 747 400 ulli
770 351 872 411 alii,
898 351 1049 400 etiam
1084 350 1211 399 illud
1244 350 1299 398 in
1331 350 1606 400 continenti
1628 352 1930 416 cognoscitis,

250 435 338 498 qui
372 436 438 484 sit
469 452 582 484 vere
606 435 757 494 Deus,
783 440 834 483 et
868 453 933 484 an
969 434 1068 494 ille,
1093 439 1146 483 et
1179 451 1244 482 an
1275 433 1463 493 unicus,
1489 451 1634 498 quem
1663 434 1935 485 Christiani

249 513 552 583 profitemur,
579 523 630 568 et
654 535 718 566 an
751 518 825 567 ita
858 517 1127 567 credendus
1151 517 1490 582 colendusque,
1513 524 1571 567 ut
1594 518 1728 579 fides,
1752 525 1810 568 ut
1834 518 1934 567 dis·
1985 578 1987 580 Ι

251 601 432 666 ciplina
460 601 700 665 disposita
723 605 797 650 est
822 600 1235 649 Christianorum.

208 708 234 750 5
322 685 504 734 Dicent
539 683 751 733 ibidem:
794 683 979 749 Ecquis
1006 684 1092 732 ille
1127 683 1359 733 Christus
1390 701 1502 733 011111
1533 701 1621 733 sua
1652 684 1850 734 fabula‘c
1892 683 1937 734 si

252 768 395 817 homo
437 767 723 821 communis,
747 767 1060 827 condicionis,
1099 767 1141 815 si
1178 784 1363 830 magus,
1399 767 1443 816 si
1478 772 1592 831 post
1634 774 1839 817 mortem
1876 769 1937 816 de

253 852 481 916 sepulcro
498 869 527 899 a
546 851 800 915 discipulis
827 851 1103 915 subreptus,
1121 850 1162 898 si
1187 867 1315 911 nunc
1339 850 1548 914 denique
1570 867 1717 915 penes
1741 851 1936 910 inferos,

254 933 298 983 si
331 950 432 983 non
466 934 520 982 in
556 934 704 982 caelis
738 934 921 998 potius,
947 939 996 982 et
1031 934 1143 982 inde
1167 938 1409 983 venturus
1442 951 1554 982 cum
1577 934 1730 983 totius
1763 934 1939 983 mundi

253 1022 407 1077 motu,
451 1035 563 1066 cum
609 1017 811 1066 horrore
852 1016 997 1076 orbis,
1037 1034 1148 1066 cum
1193 1017 1395 1081 planctu
1440 1016 1672 1078 omnium,
1714 1018 1798 1067 sed
1838 1034 1939 1066 non

190 1122 240 1151 10
256 1101 665 1161 Christianorum,
699 1104 759 1149 ut
793 1101 888 1149 Dei
919 1101 1093 1149 Virtus
1129 1106 1178 1149 et
1213 1100 1310 1150 Dei
1347 1100 1565 1165 Spiritus
1600 1105 1651 1150 et
1686 1101 1855 1152 Sermo
1890 1106 1940 1150 et

255 1184 511 1248 Sapientia
564 1189 614 1232 et
660 1184 811 1232 Ratio
858 1187 908 1231 et
954 1183 1052 1232 Dei
1097 1183 1273 1233 Filius.
1345 1184 1694 1248 Quodcumque
1751 1183 1941 1241 ridetis,

253 1267 446 1315 rideant
482 1271 532 1316 et
568 1266 642 1314 illi
665 1267 949 1326 vobiscum;
990 1272 1172 1330 negent
1209 1266 1464 1316 Christum
1499 1284 1690 1315 omnem
1724 1267 1786 1315 ab
1821 1283 1941 1316 aevo

255 1350 472 1399 animam
518 1349 750 1398 restituto
797 1367 997 1414 corpore
1040 1350 1394 1414 judicaturum.
1480 1350 1663 1399 Dicant
1707 1350 1798 1399 hoc
1850 1367 1941 1414 pro

255 1433 510 1492 tribunali,
562 1433 604 1482 si
651 1434 794 1494 forte,
844 1433 1044 1483 Minoe'n
1090 1438 1142 1483 et
1190 1434 1621 1483 Rhadamanthum
1674 1434 1942 1483 secundum

187 1533 240 1576 15
258 1533 547 1565 consensum
582 1516 811 1581 Platonis,
840 1522 889 1565 et
924 1523 1179 1581 poetarum
1216 1534 1318 1566 esse
1355 1518 1581 1578 sortitos,·
1618 1535 1733 1566 suae
1768 1517 1943 1566 saltem

255 1600 554 1663 ignominiae
585 1604 635 1648 et
669 1601 997 1649 damnationis
1032 1605 1199 1650 notam
1235 1601 1483 1649 refutent:
1522 1606 1733 1649 renuant
1768 1617 1819 1649 se
1853 1600 1944 1648 im-

256 1683 467 1731 mundos
493 1682 698 1746 spiritus
724 1699 840 1742 esse,
867 1683 999 1747 quod
1022 1683 1100 1732 vel
1126 1700 1187 1731 ex
1218 1683 1413 1748 pabulis
1439 1701 1605 1731 eorum
1635 1683 1869 1747 sanguine
1894 1689 1944 1732 et

257 1768 393 1815 fumo
440 1770 492 1814 et
538 1765 725 1829 putidis
773 1767 906 1830 rogis
954 1783 1184 1830 pecorum
1231 1769 1280 1815 et
1326 1766 1722 1830 impuratissimis
1762 1765 1946 1829 linguis

257 1849 476 1914 ipsorum
501 1854 674 1898 vatum
707 1849 920 1912 intelligi
952 1850 1126 1898 debuit
1140 1866 1153 1910 ;
1192 1854 1401 1899 renuant
1436 1850 1498 1898 ob
1533 1850 1774 1899 malitiam
1808 1867 1943 1914 prae-

190 1947 243 1976 20
259 1934 514 1981 damnatos
538 1949 588 1980 se
612 1931 666 1979 in
692 1932 899 1980 eundem
920 1932 1096 1995 judicii
1120 1932 1248 1981 diem
1274 1950 1384 1981 cum
1416 1933 1640 1981 omnibus
1677 1933 1945 1981 cultoribus

259 2022 310 2065 et
335 2015 674 2080 operatoribus
701 2015 815 2065 suis.
878 2015 1038 2080 Atqui
1063 2016 1222 2065 omnis
1246 2016 1363 2065 haec
1391 2020 1561 2065 nostra
1583 2016 1636 2063 in
1659 2015 1770 2064 illos
1794 2016 1948 2065 domi-

260 2099 396 2148 natio
433 2103 484 2148 et
520 2103 741 2164 potestas
778 2100 837 2147 de
873 2100 1206 2148 nominatione
1241 2099 1430 2150 Christi
1466 2100 1614 2160 valet,
1640 2106 1690 2148 et
1725 2100 1785 2148 de
1821 2117 1945 2149 com-

321 2213 360 2255 5.
390 2206 567 2243 Dicent
597 2205 804 2245 ibidem:
840 2207 1032 2252 Ecquis,
1095 2204 1237 2257 ‘They
1255 2205 1345 2244 will
1368 2217 1442 2258 say
1460 2204 1775 2258 immediately:
1804 2206 1830 2226 “
1845 2203 1950 2245 And

263 2266 359 2307 who
379 2267 414 2307 is
433 2266 519 2306 this
540 2266 685 2306 Christ
707 2267 809 2307 with
830 2267 897 2307 his
921 2271 1039 2320 story
1053 2268 1067 2308 2
1081 2264 1108 2284 ’'
1149 2280 1196 2307 as
1215 2267 1254 2306 if
1276 2268 1348 2307 He
1366 2281 1477 2308 were
1504 2281 1530 2307 a
1554 2281 1655 2307 man
1678 2267 1724 2307 of
1749 2267 1951 2320 ordinary

263 2329 493 2373 condition,
524 2342 570 2368 as
600 2328 638 2368 if
663 2358 674 2368 .
706 2359 716 2370 .
747 2327 774 2370 .'
845 2330 918 2369 An
947 2329 1205 2369 alternative
1233 2330 1409 2383 reading
1436 2330 1555 2382 gives
1585 2331 1595 2350 ‘
1609 2329 1765 2370 Dicent
1792 2329 1951 2370 ibidem

264 2393 359 2445 quis
387 2392 463 2432 ille
492 2391 591 2432 Chr.
623 2405 720 2431 cum
749 2405 828 2431 sua
856 2392 1001 2432 fabula
1015 2405 1027 2442 ς
1066 2393 1102 2432 si
1129 2392 1254 2432 homo
1277 2423 1287 2433 .
1311 2424 1321 2434 .
1346 2390 1370 2432 .'
1436 2392 1581 2446 ‘They
1610 2392 1703 2442 (the
1731 2392 1948 2443 daemons)

263 2454 355 2494 will
373 2454 451 2494 tell
477 2467 563 2507 you
586 2458 632 2533 at
661 2454 735 2494 the
762 2467 877 2494 same
896 2455 1002 2495 time
1021 2455 1116 2495 who
1137 2455 1280 2495 Christ
1298 2455 1336 2495 is
1350 2467 1360 2505 ;
1390 2454 1582 2495 whether
1607 2468 1653 2495 or
1675 2468 1731 2494 no
1763 2455 1831 2495 He
1858 2456 1896 2495 is
1925 2468 1951 2495 a

263 2530 379 2557 mere
398 2529 499 2556 man
519 2547 529 2556 .
551 2547 561 2558 .
586 2547 595 2556 .

324 2590 386 2618 12.
416 2581 607 2619 rideant
627 2583 676 2619 et
696 2581 771 2619 illi
793 2582 1042 2620 vobiscum
1060 2594 1070 2619 t
1094 2580 1179 2620 ‘let
1197 2580 1316 2620 them
1337 2580 1392 2631 (if
1402 2579 1506 2634 they
1525 2578 1645 2633 dare)
1665 2579 1755 2633 join
1770 2575 1825 2618 'in
1845 2592 1951 2632 your

264 2639 469 2682 ridicule.’

378 2706 437 2743 ab
465 2715 582 2744 aevo
603 2722 640 2736 =
660 2717 688 2743 a
714 2701 968 2756 primordio,
990 2706 1001 2726 ‘
1014 2704 1122 2744 from
1141 2703 1215 2744 the
1242 2703 1475 2757 beginning
1503 2703 1549 2744 of
1563 2703 1637 2744 the
1656 2700 1816 2744 world.’
1873 2701 1951 2742 See

266 2769 367 2804 note
428 2765 469 2804 h.
495 2765 558 2806 18.

326 2796 389 2877 13’.
405 2779 596 2867 cDicant
615 2830 705 2868 hoc
731 2838 819 2874 pro
845 2829 1088 2867 tribunali.
1138 2829 1150 2850 ‘
1164 2827 1246 2867 Let
1274 2827 1393 2868 them
1421 2831 1553 2868 assert
1578 2827 1675 2867 that
1701 2826 1843 2866 Minos
1867 2826 1951 2865 and

268 2889 623 2969 Rhadamanthus
660 2890 715 2941 (if
747 2890 784 2930 it
815 2891 868 2930 be
902 2891 966 2941 so)
998 2890 1110 2930 have
1142 2889 1249 2930 been
1287 2890 1517 2943 appointed
1554 2894 1600 2930 to
1636 2889 1723 2929 this
1755 2889 1873 2929 office
1910 2888 1957 2928 of

265 2952 503 3005 judgment.
528 2983 537 2991 .
559 2983 567 2993 .
591 2983 601 2991 .

328 3023 389 3066 17.
421 3026 480 3053 ex
499 3017 701 3060 pabulis.
758 3015 901 3068 Comp.
924 3015 989 3056 ch.
1010 3027 1075 3057 22.

329 3086 391 3126 19.
422 3079 785 3121 praedamnatos
802 3089 851 3117 se
867 3073 918 3116 in
933 3080 1136 3117 eundem
1148 3080 1319 3124 judicii
1341 3079 1480 3119 diem.
1532 3078 1675 3130 Comp.
1691 3088 1711 3116 2
1733 3077 1827 3117 Pet.
1851 3076 1894 3115 ii.
1910 3089 1953 3127 4,

272 3137 342 3176 ‘in
359 3138 566 3190 judicium
585 3140 794 3179 reservari
810 3137 843 3185 ’ς
873 3139 914 3180 S.
932 3139 1063 3179 Matt.
1085 3141 1171 3180 viii.
1197 3153 1258 3194 29.

329 3210 391 3239 21.
423 3203 750 3246 operatoribus
771 3203 883 3242 suis.
941 3201 996 3240 In
1015 3203 1070 3242 its
1089 3202 1297 3243 technical
1317 3199 1514 3254 religious
1534 3215 1668 3252 sense,
1688 3201 1938 3243 ‘devotees.'

329 3272 392 3302 22.
425 3265 482 3302 de
498 3265 823 3304 nominatione
844 3265 1034 3304 Christi.
1078 3264 1118 3306 S.
1136 3265 1266 3306 Matt.
1280 3265 1352 3305 vii.
1365 3275 1412 3304 22
1431 3278 1442 3314 ;
1473 3263 1513 3305 S.
1529 3263 1648 3304 Luke
1662 3264 1718 3305 ix.
1733 3276 1811 3317 493
1831 3278 1871 3305 11.
1889 3274 1952 3316 17.
