2124 3554
222 194 245 228 '1
262 194 281 228 1
293 179 326 229 6
694 180 1029 235 Tertulliani
1062 182 1436 251 Apologetz’cus
1524 192 1643 245 [CAP.
1663 197 1904 239 XXXVIII.

216 323 382 386 plures
407 327 568 372 erunt.
642 323 738 372 Cui
761 325 891 373 bello
927 343 1024 374 non
1049 325 1225 388 idonei,
1255 345 1352 375 non
1388 328 1603 392 prompti
1630 328 1902 388 fuissemuS‚

215 405 364 454 etiam
399 405 614 469 impares
650 407 817 471 copiis,
856 408 944 472 qui
981 413 1084 456 tam
1125 409 1338 458 libenter
1372 411 1693 472 trucidamur,
1731 413 1771 461 si
1807 430 1903 460 non

216 490 350 554 apud
384 490 532 538 istam
556 490 868 554 disciplinam
897 492 1052 555 magis
1078 492 1231 540 occidi
1265 493 1448 554 liceret,
1474 511 1620 558 quam
1653 496 1904 544 occidere?

217 572 477 620 Potuimus
502 578 552 620 et
575 572 800 633 inermes,
823 592 911 624 nec
928 575 1148 635 rebelles,
1171 576 1256 624 sed
1279 578 1621 626 tantummodo
1646 578 1903 637 discordes,

176 670 198 718 5
217 656 365 705 solius
391 657 596 705 divortii
620 657 810 705 invidia
834 659 1069 706 adversus
1097 675 1184 706 vos
1209 659 1477 708 dimicasse.
1529 659 1584 708 Si
1608 660 1739 709 enim
1762 665 1904 709 tanta

216 739 290 788 vis
315 739 568 788 hominum
602 740 655 788 in
691 740 906 804 aliquem
930 741 1058 789 orbis
1083 742 1261 790 remoti
1295 742 1457 790 sinum
1493 743 1851 807 abrupissemus
1876 761 1905 792 a

214 824 366 881 vobis,
393 824 682 873 suffudisset
723 822 951 893 [pudore]
991 825 1164 889 utique
1188 826 1570 876 dominationem
1593 833 1807 876 vestram
1831 833 1905 875 tot

215 907 634 972 qualiumcunque
678 909 871 957 amissio
914 909 1111 967 civium,
1148 909 1245 957 imo
1282 910 1432 959 etiam
1469 914 1519 958 et
1553 910 1662 974 ipsa
1697 909 1904 958 destitu-

214 990 347 1038 tione
388 991 623 1054 punisset.
719 991 899 1040 Procul
942 992 1091 1040 dubio
1134 993 1455 1055 expavissetis
1495 994 1556 1041 ad
1593 993 1905 1042 solitudinem

154 1099 200 1127 10
215 1079 446 1134 vestram,
486 1075 550 1122 ad
592 1075 846 1124 silentium
889 1094 1055 1125 rerum
1100 1084 1149 1128 et
1194 1083 1443 1142 stuporem
1487 1078 1732 1141 quendam
1765 1076 1906 1140 quasi

215 1157 398 1206 mortui
422 1158 553 1206 orbis
572 1176 583 1218 ;
623 1159 932 1222 quaesissetis
952 1161 1133 1223 quibus
1157 1161 1472 1226 imperaretis.
1549 1161 1719 1209 Plures
1742 1159 1905 1211 hostes

221 1258 370 1305 quam
395 1241 525 1290 cives
548 1242 690 1290 vobis
713 1243 1072 1293 remansissent.
1145 1246 1292 1293 Nunc
1318 1244 1447 1293 enim
1467 1244 1720 1308 pauciores
1742 1243 1905 1291 hostes

212 1324 406 1373 habetis
430 1342 549 1388 prae
586 1325 907 1375 multitudine
934 1326 1341 1387 Christianorum,
1368 1344 1522 1392 paene
1548 1326 1764 1375 omnium
1788 1325 1905 1375 civi-

213 1414 376 1457 tatum
411 1425 566 1471 paene
603 1425 771 1457 omnes
805 1409 937 1468 cives
967 1410 1274 1459 Christianos
1302 1411 1542 1459 habendo.
1616 1409 1714 1459 Sed
1741 1409 1904 1458 hostes

150 1514 196 1553 15
215 1491 460 1539 maluistis
484 1508 656 1539 vocare
681 1492 874 1554 generis
897 1492 1112 1541 humani.
1170 1494 1293 1555 Quis
1318 1499 1485 1542 autem
1508 1510 1595 1541 vos
1618 1493 1680 1541 ab
1705 1492 1804 1540 illis
1829 1490 1905 1540 oc-

214 1574 360 1623 cultis
392 1577 444 1623 et
467 1590 819 1638 usquequaque
842 1577 1151 1625 vastantibus
1180 1582 1368 1626 mentes
1394 1582 1443 1624 et
1468 1576 1772 1624 valetudines
1795 1593 1903 1624 ves-

213 1663 317 1706 tras
342 1657 562 1706 hostibus
591 1659 819 1720 raperet‘l
857 1675 886 1706 a
921 1660 1284 1708 daemoniorum
1320 1660 1601 1707 incursibus
1631 1659 1754 1718 dico,
1780 1676 1903 1723 quae

215 1743 274 1790 de
290 1742 427 1790 vobis
442 1742 546 1790 sine
561 1741 791 1805 praemio,
809 1741 912 1791 sine
930 1743 1152 1791 mercede
1168 1743 1475 1807 depellimus.
1518 1741 1800 1791 Suffecisset
1815 1742 1902 1789 hoc

215 1826 369 1873 solum
394 1830 591 1874 nostrae
615 1824 808 1884 ultioni,
835 1826 966 1888 quod
989 1844 1143 1875 vacua
1167 1826 1341 1875 exinde
1367 1825 1608 1890 possessio
1633 1824 1902 1873 immundis

148 1938 199 1966 20
215 1908 474 1973 spiritibus
510 1908 760 1972 pateretis.
833 1909 984 1956 Porro
1020 1926 1109 1957 nec
1146 1908 1276 1957 tanti
1311 1907 1548 1972 praesidii
1583 1908 1902 1971 compensati-

214 2009 355 2040 onem
379 1992 664 2056 cogitantes,
690 2009 788 2040 non
807 1992 949 2040 modo
974 2010 1074 2040 non
1099 1992 1357 2040 molestum
1381 1992 1520 2039 vobis
1544 2009 1712 2055 genus,
1730 2007 1902 2039 verum

214 2076 363 2125 etiam
410 2076 750 2135 necessarium,
789 2075 954 2124 hostes
992 2076 1215 2139 judicare
1265 2075 1511 2130 maluistis
1531 2092 1541 2124 :
1602 2074 1689 2139 qui
1736 2093 1903 2124 sumus

215 2162 372 2224 plane,
400 2178 493 2209 non
517 2160 712 2224 generis
736 2159 939 2208 humani
963 2163 1142 2218 tamen,
1170 2159 1255 2208 sed
1279 2158 1443 2223 potius
1468 2158 1661 2208 erroris.

769 2401 997 2451 CAPUT
1047 2401 1340 2450 XXXVIII.

149 2540 196 2579 25
285 2516 541 2575 PROINDE‚
571 2533 660 2564 nec
697 2516 845 2580 paulo
880 2514 1057 2574 lenius,
1087 2514 1218 2562 inter
1252 2513 1416 2561 licitas
1452 2512 1685 2561 fa01iones
1722 2518 1902 2561 sectam

216 2598 363 2648 istam
410 2599 640 2663 deputari
687 2600 960 2663 oportebat,
1011 2615 1039 2645 a
1087 2615 1186 2661 qua
1234 2596 1360 2644 nihil
1418 2596 1517 2645 tale
1566 2595 1901 2654 commit-titur,

277 2740 339 2781 17.
370 2745 398 2772 a
418 2734 777 2772 daemoniorum
796 2733 1066 2771 incursibus
1085 2744 1094 2770 ε
1123 2743 1254 2781 comp.
1276 2729 1340 2769 ch.
1365 2741 1384 2768 2
1391 2741 1428 2780 3,
1453 2741 1519 2780 32,
1541 2741 1607 2781 43.

275 2805 341 2845 25.
370 2797 496 2833 inter
515 2797 672 2834 licitas
692 2796 937 2834 factiones.
985 2792 1268 2843 Christianity
1285 2805 1372 2831 was
1388 2796 1464 2831 not
1480 2792 1582 2843 only
1601 2790 1792 2842 areliyio
1811 2790 1901 2830 illi-

218 2858 320 2905 eila,
340 2856 377 2895 it
396 2857 485 2896 also
515 2857 636 2896 stood
664 2855 926 2896 condemned
955 2867 1001 2894 as
1031 2867 1056 2894 a
1072 2854 1226 2906 factio
1256 2853 1392 2895 under
1420 2854 1495 2893 the
1523 2854 1651 2894 Edict
1671 2853 1718 2893 of
1731 2853 1898 2904 Trajan,

219 2918 356 2956 which
385 2918 558 2958 forbade
587 2917 663 2958 the
691 2918 921 2958 formation
949 2916 995 2956 of
1020 2916 1206 2967 colleyia
1229 2915 1409 2967 fabrum
1440 2929 1487 2955 or
1514 2916 1754 2962 hetam-iam
1785 2914 1896 2953 Plin.

218 2980 339 3031 Epp.
359 2994 399 3019 x.
424 2991 491 3033 39,
511 2993 581 3031 40,
605 2979 672 3032 96.
730 2981 808 3020 All
831 2980 1016 3032 secretly
1035 2978 1211 3026 formed,
1232 2977 1317 3017 and
1341 2978 1495 3017 indeed
1524 2990 1609 3028 any
1629 2976 1901 3016 associatione

218 3054 328 3080 were
342 3042 504 3081 viewed
522 3042 628 3082 with
645 3047 769 3094 great
791 3042 1004 3095 suspicion
1019 3041 1077 3093 by
1091 3040 1166 3080 the
1184 3040 1391 3088 Romans3
1413 3039 1499 3079 and
1513 3051 1559 3078 so
1573 3037 1812 3078 Tertullian
1828 3037 1900 3076 ad-

218 3105 318 3143 mits
335 3104 470 3144 below
489 3118 498 3144 z
519 3118 652 3156 comp.
670 3105 784 3145 Plin.
801 3105 912 3156 Epp.
927 3117 967 3143 x.
987 3115 1055 3155 34,
1071 3113 1138 3155 93,
1154 3110 1230 3153 117
1247 3115 1256 3150 ;
1276 3102 1370 3143 Liv.
1387 3101 1528 3140 xxxix.
1548 3111 1611 3150 13,
1631 3111 1705 3150 143
1725 3100 1898 3139 Sueton.

225 3168 315 3206 Oct.
348 3178 413 3217 32.
472 3167 646 3206 Certain
673 3167 800 3219 gilde,
829 3167 1040 3215 however,
1060 3179 1172 3205 were
1199 3164 1406 3216 legalized
1435 3163 1636 3214 (colleqia
1667 3162 1899 3214 leyiti‘ma),

217 3230 303 3270 and
332 3229 446 3269 their
474 3230 754 3270 constitution
782 3230 866 3269 and
885 3228 1003 3282 right
1022 3228 1069 3269 of
1083 3232 1284 3280 property
1300 3226 1547 3279 recognised
1571 3226 1658 3266 and
1677 3226 1900 3278 regulated
