2124 3554
271 205 340 257 68
732 205 1070 260 Tertulliani
1105 186 1482 275 Apologetz'cus
1700 213 1957 267 [CAP.XIX.

268 350 596 416 appellatione
621 352 693 400 ita
716 370 834 401 vera
852 356 990 401 vates
1014 351 1110 401 Dei
1132 350 1238 400 veri
1263 351 1446 415 passim
1470 368 1617 415 super
1641 356 1843 411 ceteros,
1865 351 1951 416 qui

269 435 533 483 vaticinari
568 435 879 494 videbantur,
922 439 1161 499 usurpata
1202 440 1292 493 est,
1330 434 1461 482 sicut
1500 438 1696 483 vestrae
1740 434 1957 498 Sibyllae

270 534 445 566 nomen
468 517 529 566 de
553 518 765 567 veritate
789 518 1039 578 mentitae,
1066 517 1478 582 quemadmodum
1502 522 1552 566 et
1576 517 1655 566 dei
1679 515 1872 585 vestri]

340 679 526 728 Omnes
570 679 740 743 itaque
787 679 1109 738 substantias,
1137 680 1400 742 omnesque
1438 678 1686 737 materias,
1729 678 1961 742 origines,

229 784 252 825 5
271 762 480 822 ordines,
516 780 664 811 venas
699 763 923 811 veterani
961 765 1198 825 cujusque
1237 761 1358 824 styli
1392 761 1560 822 vestri,
1600 766 1770 824 gentes
1808 762 1959 811 etiam

267 845 522 910 plerasque
541 851 590 894 et
607 846 753 894 urbes
771 845 1001 910 insignes,
1017 845 1338 894 historiarum
1357 861 1515 904 canas,
1533 850 1581 893 et
1600 845 1961 903 memoriarum,

269 928 400 992 ipsas
429 929 641 992 denique
671 929 851 992 effigies
887 929 1184 989 litterarum,
1209 928 1398 976 indices
1433 928 1752 991 custodesque
1772 946 1955 987 rerum,

269 1018 320 1061 et
343 1010 486 1076 <puto
500 1012 659 1060 adhuc
677 1011 839 1060 minus
864 1010 1093 1076 dicimus)
1112 1011 1244 1075 ipsos
1267 1011 1471 1075 inquam
1495 1011 1610 1059 deos
1632 1015 1836 1071 vestros,
1852 1012 1960 1076 ipsa

268 1095 457 1159 templa
480 1099 530 1143 et
553 1095 748 1143 oracula
778 1099 829 1144 et
853 1112 991 1144 sacra
1020 1095 1170 1143 unius
1197 1094 1400 1143 interim
1429 1094 1698 1158 prophetae
1724 1094 1961 1143 scrinium

204 1197 255 1225 10
269 1177 478 1226 saeculis
517 1177 688 1237 vincit,
728 1177 781 1225 in
822 1195 916 1241 quo
951 1177 1154 1226 videtur
1198 1177 1458 1225 thesaurus
1500 1177 1764 1226 collocatus
1805 1178 1959 1226 totius

269 1261 302 1309 J
305 1261 468 1308 udaiei
491 1261 800 1320 sacramenti,
824 1265 876 1308 et
911 1261 1024 1309 inde
1059 1261 1211 1308 etiam
1246 1260 1419 1308 nostri.
1491 1259 1545 1307 Si
1571 1277 1717 1324 quem
1750 1259 1959 1309 audistis

268 1344 471 1392 interim
495 1344 715 1407 Moysen,
742 1343 930 1408 Argivo
967 1343 1149 1392 Inacho
1173 1344 1363 1407 pariter
1394 1347 1555 1392 aetate
1580 1347 1686 1403 est;
1723 1344 1963 1408 quadrin—

268 1427 430 1490 gentis
454 1445 609 1491 paene
639 1427 793 1486 annis,
819 1445 935 1476 nam
963 1433 1011 1476 et
1037 1431 1225 1490 septem
1248 1426 1425 1485 minus,
1453 1427 1694 1486 Danaum,
1723 1432 1774 1476 et
1792 1426 1959 1491 ipsum
1999 1484 2002 1486 Ὗ

269 1510 401 1574 apud
447 1527 534 1559 vos
581 1510 984 1569 vetustissimum,
1024 1509 1303 1574 praevenit,
1349 1509 1485 1557 mille
1525 1509 1722 1558 circiter
1767 1503 1960 1558 cladem

204 1611 249 1652 15
268 1593 455 1641 Priami
484 1593 732 1642 antecedit
749 1610 763 1654 3
800 1584 993 1657 possem
1028 1593 1176 1641 etiam
1215 1592 1390 1653 dicere,
1430 1592 1711 1656 quingentis
1746 1593 1959 1656 amplius

267 1681 318 1726 et
344 1677 631 1735 Homerum,
656 1677 839 1725 habens
864 1693 986 1740 quos
1011 1693 1202 1739 sequar.
1268 1674 1436 1723 Ceteri
1454 1692 1647 1739 quoque
1672 1676 1956 1739 prophetae,

269 1760 361 1808 etsi
420 1760 582 1822 Moysi
642 1763 940 1824 postumant,
1002 1758 1350 1807 extremissimi
1408 1764 1572 1806 tamen
1631 1776 1798 1806 eorum
1858 1777 1957 1808 non

325 1879 364 1917 4.
400 1868 576 1906 Omnes
600 1869 761 1913 itaque
791 1868 1096 1906 substantias.
1157 1868 1168 1887 ‘
1183 1865 1260 1904 All
1284 1865 1359 1905 the
1390 1865 1730 1917 subject-matter
1754 1865 1840 1904 and
1868 1866 1953 1906 his-

270 1929 423 1969 torical
455 1929 652 1968 material
673 1960 682 1968 .
705 1959 714 1969 .
739 1927 767 1969 ‚²
852 1929 942 1968 The
973 1928 1283 1968 accumulation
1312 1926 1358 1967 of
1383 1928 1643 1978 expressions
1676 1928 1770 1979 (not
1797 1928 1955 1981 always

272 1990 507 2045 felicitous)
529 1992 574 2030 in
593 1991 679 2030 this
698 2004 872 2044 passage
892 1993 928 2030 is
948 2005 973 2030 a
991 1991 1099 2043 good
1118 1990 1311 2030 instance
1339 1989 1386 2029 of
1406 1988 1681 2030 Tertullian's
1707 1990 1892 2030 sacrifice
1914 1992 1960 2031 of

270 2055 471 2108 elegance
489 2059 534 2094 to
554 2053 841 2094 forcefulness.
902 2054 977 2106 Op.
999 2057 1114 2104 note,
1134 2052 1198 2092 ch.
1224 2060 1293 2104 37.

381 2119 607 2165 origines,
628 2119 834 2165 ordines,
855 2129 1001 2156 venas
1020 2131 1030 2155 x
1064 2115 1351 2167 ‘antiquities,
1370 2114 1614 2163 chronicles‚
1640 2113 1801 2155 series.’

325 2180 364 2220 6.
395 2192 563 2220 canas:
596 2181 607 2200 ‘
623 2179 850 2219 venerable
878 2177 1097 2227 records';
1129 2191 1295 2227 cau-sm,
1326 2191 1479 2218 causas
1508 2191 1652 2223 canas,
1673 2177 1758 2217 and
1787 2191 1953 2218 arcana

269 2256 342 2282 are
361 2255 472 2282 varr.
493 2242 592 2282 lect.
1367 2253 1371 2258 ·

326 2313 364 2357 7.
393 2307 523 2352 ipsas
542 2306 718 2352 effigies
738 2306 1024 2345 litterarum.
1083 2308 1093 2324 ⁴
1108 2302 1451 2355 Hieroglyphics,
1472 2302 1546 2342 the
1567 2303 1785 2343 witnesses
1805 2306 1850 2342 to
1871 2302 1956 2343 and

268 2368 498 2421 guardians
519 2367 566 2407 of
581 2365 759 2407 events)

326 2444 364 2484 9.
399 2432 639 2471 scrinium.
701 2430 788 2469 Lit.
811 2427 1091 2478 ‘book-case?
1110 2425 1486 2480 ‘despatch—box’;
1526 2427 1627 2467 here
1654 2426 1753 2466 ‘the
1781 2425 1886 2466 roll’
1915 2427 1960 2466 of

270 2495 344 2534 the
363 2494 556 2546 prophet.

329 2568 391 2595 10.
421 2558 623 2597 saeculis
643 2557 810 2596 vincit.
857 2558 867 2576 ‘
883 2555 1070 2595 Exceeds
1095 2555 1141 2594 in
1160 2552 1379 2605 antiquity
1397 2552 1455 2606 by
1469 2549 1724 2600 centuries'3
1752 2565 1821 2592 see
1840 2557 1952 2598 note,

271 2619 334 2659 ch.
362 2619 423 2658 18.

331 2692 392 2719 11.
423 2683 456 2721 J
457 2682 617 2721 udaiei
637 2682 943 2720 sacramenti:
975 2681 987 2701 ‘
1000 2678 1046 2718 of
1063 2678 1137 2718 the
1156 2679 1187 2718 J
1192 2676 1324 2718 ewish
1346 2677 1525 2730 religion
1538 2674 1549 2693 ’
1563 2689 1575 2726 ;
1605 2690 1672 2716 see
1691 2678 1803 2722 note,
1822 2675 1885 2715 ch.
1910 2683 1945 2727 7.

332 2754 393 2781 12.
422 2745 606 2790 Argivo
625 2746 806 2783 Inacho
824 2744 1006 2789 pariter
1025 2745 1179 2781 aetate
1200 2745 1286 2780 est.
1336 2740 1404 2780 On
1423 2739 1498 2779 the
1517 2738 1824 2790 chronological
1844 2751 1956 2777 com—

270 2805 462 2856 parisons
487 2806 534 2845 in
559 2805 645 2845 this
675 2818 863 2858 passage,
884 2819 948 2857 cp.
969 2804 1101 2844 Clem.
1122 2804 1248 2843 Alex.
1273 2802 1427 2842 Strom.
1454 2802 1484 2841 i.
1506 2812 1572 2852 21,
1592 2801 1678 2840 and
1700 2800 1774 2840 the
1801 2799 1954 2839 autho-

271 2867 394 2907 rities
414 2867 527 2908 cited
545 2868 603 2919 by
621 2867 722 2906 him.

331 2927 393 2968 16.
424 2932 604 2969 habens
620 2942 737 2977 quos
754 2942 938 2977 sequar.
980 2929 1053 2981 Cp.
1070 2928 1203 2968 Clem.
1216 2927 1340 2967 Alex.
1356 2926 1384 2966 Ζ.
1398 2939 1431 2965 ο.
1445 2923 1525 2964 Ναὶ
1542 2923 1622 2974 μὴν
1637 2922 1869 2972 Θεόπομπος
1886 2954 1894 2962 .
1915 2954 1923 2962 .
1944 2956 1953 2964 .

271 2988 377 3039 μετὰ
397 2989 470 3041 ἔτη
489 2989 735 3029 πεντακόσια
754 2990 838 3029 τῶν
851 2988 920 3032 ,ἐπὶ
941 2990 1049 3042 Ἰλίῳ
1077 2985 1415 3040 στρατευσάντων
1434 2984 1651 3039 ’γεγονέναι
1679 2985 1752 3024 τὸν
1771 2986 1953 3036 ’Όμηρον

273 3053 442 3103 ἱστορεῖ.
499 3050 705 3104 Εὐφορίων
724 3050 768 3091 δὲ
788 3050 895 3095 κατὰ.
914 3049 1051 3103 Γύγην
1071 3049 1196 3090 αὐτὸν
1213 3048 1347 3101 τίθησι
1368 3046 1596 3100 γεγονέναι,
1619 3051 1691 3087 etc.

331 3122 395 3166 17.
426 3117 585 3162 Moysi
605 3119 906 3161 postumant:
942 3114 1070 3166 ‘they
1089 3127 1161 3152 are
1179 3113 1292 3152 later
1307 3111 1414 3151 than
1426 3109 1595 3151 Moses.'
1645 3111 1895 3150 Postumare
1916 3111 1951 3150 is

272 3190 298 3216 a
317 3175 435 3216 word
455 3176 501 3215 of
514 3177 710 3228 patristic
730 3176 907 3229 latinity
919 3188 931 3225 ;
960 3176 997 3216 it
1016 3188 1159 3216 recurs
1179 3175 1229 3215 de
1247 3187 1324 3215 res.
1345 3186 1465 3215 earn.
1485 3185 1562 3225 453
1591 3187 1655 3225 cp.
1670 3178 1953 3225 postumam,

271 3239 369 3279 adv.
394 3238 492 3278 Val.
513 3250 575 3290 35.
