2124 3554
262 256 362 294 cn.
385 247 600 300 XLV111.]
649 238 910 292 adversus
953 237 1145 290 Gentes
1167 246 1274 305 pro
1319 235 1663 291 Christianz's.
1826 248 1926 303 147

262 384 374 433 exin
400 384 770 447 dependendum
803 382 856 430 in
890 381 1173 430 immensam
1207 379 1514 428 aeternitatis
1536 379 1927 443 perpetuitatem.

262 460 476 523 Ideoque
512 476 600 507 nec
636 476 765 507 mors
793 458 908 522 jam,
936 474 1022 505 nec
1045 473 1214 505 rursus
1238 473 1293 503 ac
1325 472 1493 503 rursus
1516 455 1820 515 resurrectio,
1846 456 1929 503 sed

263 541 445 589 erimus
479 541 628 589 iidem
659 540 746 604 qui
780 556 925 598 nunc,
951 555 1038 587 nec
1073 538 1161 587 alii
1196 542 1334 601 post:
1374 537 1468 584 Dei
1492 537 1691 601 quidem
1722 537 1931 586 cultores

262 623 392 686 apud
416 624 575 671 Deum
610 639 810 686 semper,
835 620 1148 685 superinduti
1183 619 1455 670 substantia
1489 619 1687 683 propria
1721 619 1930 668 aeterni-

261 706 408 766 tatis;
451 705 643 769 profani
678 722 793 753 vero
829 710 878 752 et
914 705 998 767 qui
1033 721 1131 751 non
1165 702 1350 766 integri
1385 702 1448 751 ad
1482 703 1655 763 Deum,
1691 702 1744 750 in
1778 719 1931 765 poena
1947 718 1969 758 5

262 805 413 852 aeque
454 787 586 851 jugis
632 787 775 850 ignis,
821 786 1045 835 habentis
1088 803 1148 834 ex
1188 786 1295 849 ipsa
1336 790 1512 833 natura
1553 784 1670 848 ejus,
1715 784 1931 833 divinam

262 870 447 919 scilicet
483 870 980 918 subministrationem
1014 868 1515 931 incorruptibilitatis,
1589 868 1848 916 Noverunt
1883 871 1934 914 et

263 952 539 1017 philosophi
577 952 908 1000 diversitatem
947 951 1110 999 arcani
1145 955 1195 998 et
1234 950 1422 1013 publici
1459 949 1603 1013 ignis.
1676 950 1757 998 Ita
1793 949 1934 1012 longe

264 1035 391 1083 alius
416 1038 490 1083 est
512 1034 598 1098 qui
621 1033 732 1082 usui
755 1034 977 1092 humano,
1004 1033 1128 1081 alius
1153 1031 1239 1096 qui
1263 1032 1446 1094 judicio
1472 1032 1564 1081 Dei
1589 1036 1807 1095 apparet,
1834 1030 1933 1079 sive

266 1115 326 1163 de
350 1116 480 1164 caelo
503 1116 707 1164 fulmina
730 1116 989 1178 stringens,
1007 1115 1108 1164 sive
1127 1115 1187 1163 de
1206 1120 1338 1163 terra
1362 1132 1447 1178 per
1465 1114 1671 1163 vertices
1694 1113 1935 1162 montium
1953 1136 2002 1164 10

266 1202 516 1258 eructans;
552 1215 648 1246 non
681 1198 812 1246 enim
846 1198 1058 1247 absumit
1094 1197 1223 1260 quod
1258 1196 1436 1254 exurit,
1470 1197 1566 1256 sed,
1598 1198 1715 1245 dum
1751 1199 1933 1260 erogat,

267 1285 477 1343 reparat.
516 1280 653 1330 Adeo
689 1285 891 1329 manent
927 1287 1115 1329 montes
1158 1296 1343 1343 semper
1381 1280 1623 1337 ardentes,
1663 1285 1712 1327 et
1750 1279 1836 1343 qui
1873 1279 1933 1326 de

266 1364 399 1412 caelo
421 1364 655 1427 tangitur,
683 1365 844 1412 salvus
868 1369 957 1423 est,
981 1368 1039 1412 ut
1063 1364 1196 1411 nullo
1216 1366 1318 1426 jam
1342 1363 1446 1426 igni
1470 1363 1806 1411 decinerescat.
1868 1362 1935 1410 Et

267 1446 357 1495 hoc
380 1446 475 1494 erit
491 1446 820 1494 testimonium
843 1445 971 1510 ignis
989 1446 1188 1505 aeterni,
1205 1446 1295 1493 hoc
1320 1445 1595 1508 exemplum
1612 1444 1743 1508 jugis
1762 1444 1935 1507 judicii

266 1543 468 1591 poenam
482 1528 762 1578 nutrientis.
816 1528 1008 1577 Montes
1025 1532 1238 1577 uruntur
1253 1532 1302 1576 et
1322 1527 1503 1576 durant
1522 1547 1532 1576 :
1572 1527 1691 1591 quid
1709 1531 1935 1575 nocentes
1956 1551 2002 1591 15

267 1615 318 1659 et
343 1608 440 1659 Dei
461 1610 654 1659 hostes?

326 1781 363 1809 2.
391 1781 478 1811 nec
507 1782 631 1810 mors
660 1771 769 1818 jam,
802 1783 888 1811 nec
916 1782 1109 1811 rursus:
1141 1772 1153 1793 ‘
1167 1770 1336 1810 neither
1365 1769 1495 1810 death
1524 1768 1731 1819 absolute,
1764 1783 1843 1809 nor
1872 1783 1935 1810 re-

268 1831 439 1883 cun-ing
457 1830 787 1872 resurrections?

322 1904 362 1944 4.
392 1896 694 1940 superinduti
732 1896 999 1934 substantia
1035 1897 1227 1941 propria
1266 1895 1591 1934 aeternitatis:
1638 1904 1657 1931 2
1689 1893 1780 1933 Cor.
1817 1906 1856 1931 v.
1890 1906 1930 1944 4.

268 1955 358 1995 The
376 1956 499 1996 sabat.
527 1970 645 2008 prop.
667 1959 751 1997 aet.
777 1956 813 1995 is
841 1957 938 1996 that
971 1956 1019 1996 of
1046 1957 1120 1997 the
1151 1958 1328 2009 Angels,
1358 1957 1582 2008 according
1609 1959 1654 1995 to
1681 1956 1932 1996 Tertullian.

269 2017 348 2057 See
366 2017 416 2057 de
434 2018 533 2059 cult.
545 2019 654 2070 fem.
674 2019 704 2059 i.
727 2030 764 2068 2,
789 2022 800 2040 ‘
815 2018 931 2058 Nam
950 2022 993 2059 et
1021 2020 1140 2059 vobis
1168 2021 1316 2059 eadem
1342 2024 1445 2060 tunc
1475 2019 1716 2060 substantia
1744 2019 1934 2071 angelica

270 2080 544 2131 repromissa?
564 2086 637 2120 etc.
655 2093 666 2129 ;
695 2081 755 2120 ad
773 2094 895 2120 uxor.
917 2081 944 2120 i.
969 2092 1005 2131 1,
1037 2083 1048 2102 ‘
1065 2083 1285 2133 translatis
1314 2083 1359 2121 in
1386 2082 1620 2134 angelicam
1639 2079 1934 2133 qualitatem';

272 2142 368 2183 adv.
388 2142 525 2182 Maro.
540 2154 579 2193 3,
594 2147 604 2163 ‘
617 2142 810 2182 brabium
826 2144 1040 2194 angelicae
1053 2141 1353 2191 substantiae';
1372 2145 1424 2183 de
1435 2157 1514 2182 res.
1530 2157 1646 2183 carn.
1671 2142 1736 2194 36,
1755 2149 1765 2165 ⁶
1780 2144 1933 2183 transi-

271 2203 359 2243 turi
377 2203 424 2242 in
442 2207 601 2243 statum
621 2204 871 2255 angelicum,
890 2217 964 2255 per
981 2204 1277 2244 indumentum
1294 2205 1402 2244 illud
1421 2205 1842 2256 incorruptibilitatis,
1861 2218 1936 2256 per

273 2266 549 2315 substantiae,
568 2266 842 2306 resuscitatae
859 2270 1014 2315 tamen,
1037 2265 1396 2307 demutationem.’
1454 2267 1527 2319 Cp.
1549 2267 1590 2306 S.
1612 2267 1732 2306 Luke
1750 2281 1818 2307 xx.
1841 2266 1908 2316 36.

328 2326 366 2366 6.
396 2330 638 2367 habentis:
669 2341 714 2367 so
733 2328 807 2367 the
827 2327 949 2367 MSS.
1008 2328 1103 2381 Rig.
1132 2329 1344 2381 preferred
1372 2329 1584 2378 habentes,
1614 2329 1812 2381 agreeing
1830 2329 1935 2369 with

271 2388 475 2441 profani3
504 2390 590 2429 and
607 2390 759 2430 divina
778 2389 843 2428 for
860 2390 1065 2432 divinam.

317 2463 367 2503 9.
400 2455 606 2498 apparet.
663 2450 742 2491 See
760 2455 876 2500 note,
894 2451 958 2491 ch.
982 2463 1045 2501 13.

334 2524 395 2551 11.
426 2515 540 2552 dum
558 2518 745 2560 erogat:
778 2515 788 2534 ‘
806 2526 913 2552 even
931 2513 1076 2553 whilst
1094 2513 1131 2554 it
1150 2514 1340 2565 destroys
1356 2511 1388 2552 ’τ
1421 2526 1489 2553 see
1508 2517 1619 2562 note,
1641 2513 1706 2553 ch.
1727 2525 1794 2566 44.

335 2585 398 2613 12.
427 2577 510 2621 qui
529 2577 587 2614 de
607 2577 736 2614 caelo
757 2576 980 2624 tangitur,
1001 2578 1080 2614 ete.
1136 2575 1272 2615 There
1293 2589 1364 2615 are
1384 2575 1505 2615 three
1530 2575 1877 2626 interpretations
1897 2575 1943 2613 of

280 2636 392 2677 this:
426 2647 462 2677 1.
492 2636 603 2676 That
635 2650 660 2676 a
691 2637 803 2689 body
833 2636 971 2676 which
1001 2638 1076 2677 has
1105 2638 1212 2678 been
1246 2638 1391 2678 struck
1421 2639 1478 2691 by
1510 2638 1725 2690 lightning
1753 2639 1789 2678 is
1819 2636 1942 2690 proof

275 2699 442 2750 against
459 2697 535 2737 fire
565 2699 714 2750 (comp.
735 2698 847 2738 Plin.
867 2698 923 2737 xi.
947 2706 1012 2750 37,
1033 2699 1128 2739 who
1155 2700 1365 2739 mentions
1393 2700 1467 2739 the
1496 2700 1667 2738 ancient
1686 2699 1818 2739 belief
1839 2698 1937 2738 that

275 2759 350 2799 the
369 2759 492 2798 heart
520 2758 566 2798 of
590 2772 755 2812 anyone
774 2759 868 2799 who
894 2759 980 2799 had
1009 2761 1105 2801 died
1132 2761 1238 2801 from
1268 2762 1412 2813 poison
1439 2761 1563 2801 could
1591 2764 1665 2801 not
1693 2761 1745 2800 be
1773 2761 1934 2811 burnt).

279 2832 315 2861 2.
345 2820 457 2860 That
485 2820 604 2860 there
640 2821 676 2860 is
709 2835 735 2860 a
772 2820 985 2861 reference
1014 2826 1060 2862 to
1090 2823 1164 2862 the
1194 2823 1432 2875 regulation
1465 2822 1511 2861 of
1538 2823 1683 2862 Numa
1713 2822 1772 2874 by
1800 2822 1937 2862 which

276 2896 331 2922 no
364 2895 443 2922 one
473 2883 617 2923 struck
651 2882 708 2934 by
738 2883 952 2935 lightning
972 2897 1056 2923 was
1084 2884 1313 2935 permitted
1340 2888 1385 2923 to
1413 2885 1465 2923 be
1494 2883 1718 2933 cremated,
1747 2885 1826 2923 but
1853 2896 1938 2922 was

274 2943 424 2984 buried
453 2956 507 2982 on
531 2943 605 2983 the
624 2947 717 2995 spot
739 2943 965 2996 (bidental,
986 2958 1054 2984 see
1073 2946 1188 2984 Pers.
1209 2945 1301 2985 Sat.
1323 2946 1366 2985 ii.
1394 2953 1456 2997 27,
1474 2945 1577 2985 Hor.
1593 2946 1684 2985 Ars
1694 2949 1804 2997 poet,
1820 2944 1936 2996 471),

278 3005 365 3045 and
383 3005 479 3045 that
498 3005 735 3045 Tertullian
753 3006 958 3058 regarded
978 3007 1062 3046 this
1083 3012 1245 3047 custom
1264 3020 1310 3047 as
1325 3022 1350 3047 a
1363 3009 1521 3060 typica]
1534 3008 1726 3060 analogy.
1767 3019 1804 3058 3.
1825 3007 1937 3047 That

275 3067 513 3107 Tertullian
533 3068 686 3119 simply
703 3080 848 3107 means
876 3068 973 3109 that
996 3069 1124 3108 death
1147 3070 1205 3123 by
1223 3070 1442 3122 lightning
1461 3070 1603 3109 leaves
1630 3070 1704 3109 the
1728 3069 1838 3121 body
1860 3083 1936 3108 un-

276 3128 444 3180 injured
471 3128 556 3168 and
584 3129 717 3169 whole
749 3129 810 3182 (so
840 3130 951 3171 Min.
980 3130 1070 3172 Fel.
1104 3142 1172 3183 35,
1203 3133 1214 3152 ‘
1232 3133 1341 3172 sicut
1368 3132 1485 3185 ignes
1514 3130 1741 3171 fulminum
1767 3144 1938 3184 corpora

278 3194 476 3242 tangunt,
494 3203 572 3231 nec
591 3190 820 3231 absumunt
833 3189 878 3243 ').

1059 3343 1147 3376 112
