2124 3554
246 207 278 242 ·1
292 206 359 244 20
684 196 685 199 ’
726 191 1063 245 Tertulliani
1088 188 1469 260 prologetz'cus
1588 199 1712 254 [car.
1730 203 1933 246 XXXIX.

252 337 477 398 seniores,
513 338 743 386 honorem
785 337 937 387 istum
971 355 1071 386 non
1108 337 1267 401 pretio
1305 337 1389 386 sed
1424 330 1700 386 testimonio
1734 338 1931 403 adepti;

252 439 407 485 neque
451 421 581 470 enim
622 421 783 486 pretio
825 422 927 470 ulla
970 439 1048 470 res
1087 420 1182 469 Dei
1222 426 1424 469 constat.
1512 421 1675 469 Etiam
1719 422 1761 470 si
1800 422 1934 486 quod

252 522 392 553 arcae
427 522 583 568 genus
620 510 709 564 est,
732 522 833 552 ‘non
858 505 918 552 de
953 503 1215 552 honoraria
1252 521 1456 562 summa,
1481 504 1620 568 quasi
1651 505 1933 569 redemptae
1966 568 1968 570 Ι

206 610 214 616 ·
252 587 506 651 religionis
542 593 898 651 congregaturg
942 587 1181 636 modicam
1215 586 1548 651 unusquisque
1584 587 1761 651 stipem
1795 605 1933 636 men-

212 683 235 722 5
255 677 392 719 strua
428 670 522 730 die,
547 671 626 719 vel
652 688 802 734 quum
827 670 962 728 velit,
989 674 1039 718 et
1076 668 1118 718 si
1142 670 1283 718 modo
1306 670 1426 717 velit
1456 675 1504 718 et
1530 670 1572 718 si
1596 671 1737 719 modo
1759 671 1931 735 possit,

251 752 483 817 apponit:
522 771 635 801 nam
668 770 813 801 nemo
850 753 1178 816 compellitur,
1204 753 1289 801 sed
1322 759 1492 816 sponte
1518 754 1723 803 confert.
1797 754 1934 803 Haec

253 836 392 900 quasi
415 836 633 900 deposita
657 836 859 899 pietatis
885 841 1013 884 sunt.
1087 836 1216 885 Nam
1241 836 1354 884 inde
1379 854 1477 883 non
1502 835 1658 899 epulis
1683 853 1771 884 nec
1793 841 1934 900 pota-

252 919 386 977 culis,
411 937 499 968 nec
537 919 748 983 ingratis
772 919 1042 968 voratrinis
1079 918 1408 982 dispensatur,
1438 919 1523 967 sed
1559 919 1725 983 egenis
1749 919 1935 969 alendis

250 1002 624 1066 humandisque,
643 1007 695 1051 et
724 1002 890 1066 pueris
915 1020 970 1051 ac
995 1002 1173 1066 puellis
1197 1019 1251 1050 re
1276 1020 1332 1050 ac
1357 1002 1643 1066 parentibus
1667 1002 1933 1060 destitutis,

187 1107 236 1134 10
247 1087 447 1148 jamque
496 1085 776 1134 domesticis
825 1085 1040 1143 senibus,
1083 1085 1204 1133 item
1247 1084 1515 1148 naufragis,
1556 1090 1608 1134 et
1657 1085 1700 1134 si
1747 1085 1832 1149 qui
1879 1086 1934 1133 in

252 1168 484 1228 metallis,
517 1172 566 1216 et
602 1168 644 1216 si
679 1168 765 1232 qui
802 1168 856 1215 in
892 1168 1081 1228 insulis,
1107 1168 1187 1216 vel
1221 1167 1275 1215 in
1309 1168 1556 1227 custodiis,
1585 1168 1842 1217 dumtaxat
1873 1185 1936 1217 ex

252 1269 422 1300 caussa
446 1251 543 1299 Dei
568 1256 727 1300 sectae
752 1251 940 1299 alumni
965 1251 1282 1300 confessionis
1307 1268 1420 1299 suae
1444 1251 1586 1300 fiunt.

320 1334 417 1383 Sed
442 1334 680 1397 ejusmodi
703 1335 782 1383 vel
811 1335 1022 1383 maxime
1048 1334 1326 1383 dilectionis
1350 1335 1571 1399 operatio
1603 1339 1771 1383 notam
1796 1334 1936 1383 nobis

251 1417 410 1466 inurit
444 1435 591 1481 penes
628 1418 875 1481 quosdam.
949 1417 1088 1478 Vide,
1125 1417 1376 1481 inquiunt,
1399 1424 1457 1466 ut
1491 1417 1700 1466 invicem
1737 1435 1788 1466 se
1823 1417 1936 1483 dili-

186 1522 233 1561 15
251 1506 402 1563 gant:
441 1501 538 1564 ipsi
573 1501 704 1549 enim
732 1501 944 1549 invicem
977 1502 1187 1549 oderunt
1205 1518 1216 1561 ;
1257 1506 1306 1549 et
1331 1506 1388 1549 ut
1420 1518 1509 1564 pro
1535 1501 1776 1549 alterutro
1811 1500 1935 1548 mori

252 1584 353 1632 sint
384 1584 577 1648 parati:
617 1584 722 1648 ipsi·
747 1584 877 1632 enim
903 1584 965 1632 ad
996 1584 1309 1632 occidendum
1339 1584 1637 1632 alterutrum
1667 1583 1936 1647 paratiores

251 1672 413 1715 erunt.
487 1667 583 1715 Sed
625 1674 675 1715 et
716 1667 846 1730 quod
888 1667 1101 1715 fratrum
1149 1666 1479 1731 appellatione
1527 1683 1793 1726 censemur,
1838 1683 1937 1714 non

250 1749 383 1809 alias,
401 1751 591 1813 opinor,
608 1749 867 1807 infamant,
886 1768 1034 1813 quam
1050 1750 1180 1814 quod
1205 1751 1337 1813 apud
1362 1750 1493 1813 ipsos
1517 1766 1658 1797 omne
1684 1748 1938 1813 sanguinis

252 1850 426 1881 nomen
460 1834 520 1881 de
550 1833 857 1881 affectatione
892 1833 1177 1881 simulatum
1205 1838 1293 1881 est.
1362 1831 1562 1881 Fratres
1595 1837 1760 1880 autem
1787 1832 1937 1881 etiam

186 1938 236 1964 20
252 1916 403 1964 vestri
451 1932 632 1974 sumus,
671 1918 783 1978 jure
826 1921 1031 1964 naturae
1079 1916 1252 1964 matris
1298 1916 1461 1974 unius,
1504 1915 1600 1964 etsi
1637 1933 1720 1963 vos
1761 1933 1937 1980 parum

253 1999 487 2057 homines,
515 1999 630 2062 quia
675 1999 791 2046 mali
830 2000 1027 2047 fratres.
1101 2000 1173 2047 At
1215 2004 1397 2062 quanto
1440 1998 1638 2063 dignius
1673 1999 1855 2047 fratres
1887 2002 1938 2046 et

252 2082 488 2131 dicuntur
519 2087 568 2130 et
606 2082 867 2141 habentur,
896 2081 980 2146 qui
1015 2100 1169 2130 unum
1193 2087 1382 2146 patrem
1421 2082 1581 2130 Deum
1616 2085 1935 2144 agnoverunt,

254 2235 494 2275 Tertullian
542 2247 637 2274 uses
685 2235 759 2275 the
797 2234 1009 2275 technical
1056 2234 1334 2287 phraseology
1372 2234 1437 2274 for
1471 2235 1545 2275 the
1592 2235 1730 2275 Three
1768 2233 1938 2284 orders,

255 2299 266 2318 ‘
282 2294 527 2349 episcopus‚⁸
557 2299 568 2318 ‘
585 2295 835 2349 presbyter‚'
868 2299 879 2319 ‘
895 2297 1139 2346 diaconus’3
1171 2297 1220 2338 de
1237 2299 1341 2350 fay.
1373 2299 1422 2337 in
1442 2311 1557 2350 pers.
1593 2309 1667 2342 11:
1696 2299 1748 2338 de
1769 2310 1936 2349 praesc.

253 2359 370 2399 haer.
393 2371 432 2410 3.
451 2370 501 2410 41
522 2371 534 2408 ;
563 2361 614 2399 de
635 2359 754 2411 bapt.
779 2367 843 2411 17.
902 2359 980 2399 See
1000 2359 1138 2412 Kaye,
1164 2373 1233 2412 pp.
1260 2361 1338 2399 208
1352 2360 1395 2399 ff.

313 2432 348 2471 3.
380 2434 481 2462 non
501 2425 560 2461 de
579 2424 835 2462 honoraria
854 2434 1052 2470 summa,
1078 2424 1088 2443 ‘
1103 2435 1158 2461 no
1179 2435 1272 2462 sum
1299 2422 1336 2462 is
1361 2422 1566 2462 collected
1584 2422 1693 2462 from
1713 2435 1738 2461 a
1757 2435 1876 2462 sense
1896 2421 1943 2461 of

254 2483 533 2535 obligation’3
562 2484 803 2524 honoraria
830 2484 1009 2535 bearing
1037 2484 1095 2523 its
1124 2484 1338 2524 technical
1368 2497 1488 2524 sense
1518 2484 1564 2524 of
1588 2487 1600 2506 ‘
1618 2484 1715 2524 that
1734 2484 1872 2524 which
1899 2484 1936 2524 is

255 2546 493 2586 demanded
525 2546 584 2599 by
612 2543 802 2586 custom.'
858 2546 1054 2586 Another
1082 2546 1260 2598 reading
1287 2546 1406 2598 gives
1440 2546 1737 2597 dehonoraria,
1767 2560 1793 2586 a
1822 2546 1938 2586 word

255 2608 477 2660 explained
496 2621 542 2647 as
571 2608 856 2658 ==inhonesta,
881 2611 891 2629 ‘
907 2606 1226 2648 discreditable’
1248 2612 1293 2648 to
1313 2608 1505 2661 religion.

315 2681 376 2710 10.
407 2672 680 2711 domesticis
718 2673 937 2711 senibus:
980 2672 1011 2711 i.
1032 2684 1065 2711 e.
1101 2671 1240 2711 whom
1274 2684 1352 2724 age
1388 2671 1473 2711 and
1510 2670 1717 2724 infirmity
1747 2671 1853 2723 keep
1891 2674 1938 2710 at

254 2732 391 2773 home.

315 2806 378 2834 12.
407 2797 592 2835 alumni
632 2797 947 2835 confessionis
986 2807 1114 2844 suae,
1146 2797 1159 2816 ‘
1170 2794 1414 2847 pensioners
1445 2795 1492 2835 of
1519 2795 1634 2835 their
1657 2791 1936 2842 confession'3

255 2857 284 2897 i.
309 2870 340 2897 e.
365 2857 505 2896 whose
524 2857 655 2897 brave
675 2857 847 2897 witness
868 2857 1040 2896 entitles
1059 2857 1177 2896 them
1202 2861 1246 2896 to
1276 2857 1350 2897 the
1375 2862 1548 2910 support
1574 2857 1621 2897 of
1641 2857 1754 2896 their
1778 2856 1934 2896 follow-

254 2919 522 2966 creedsmen3
563 2932 696 2970 comp.
730 2918 791 2958 ad
819 2921 944 2958 mart.
981 2930 999 2957 1
1041 2919 1140 2958 amit.
1200 2919 1291 2958 The
1321 2920 1556 2959 charitable
1591 2919 1751 2958 actions
1782 2918 1828 2958 of
1860 2918 1936 2957 the

255 2980 489 3020 Christiana
518 2980 702 3020 towards
730 2980 846 3020 their
871 2980 1073 3032 suffering
1100 2981 1303 3021 brethren
1332 2995 1403 3021 are
1431 2980 1674 3021 mentioned
1702 2979 1855 3020 Euseb.
1877 2980 1933 3018 iv.

257 3052 306 3091 23
325 3055 336 3089 ;
365 3041 469 3093 they
487 3055 598 3082 were
616 3042 857 3094 prohibited
875 3042 934 3094 by
952 3042 1155 3092 Licinius,
1177 3043 1332 3083 Euseb.
1352 3058 1392 3084 x.
1416 3045 1454 3084 8.

314 3110 376 3155 17.
412 3106 507 3143 Sed
526 3107 575 3143 et
593 3107 723 3151 quod
734 3106 1291 3160 ,fratrum-appellatione.
1341 3106 1472 3146 Clem.
1495 3104 1619 3145 Alex.
1638 3102 1793 3144 Strom.
1814 3104 1856 3143 ii.
1879 3116 1906 3155 9
1925 3117 1934 3150 ;

248 3166 365 3205 Min.
395 3165 519 3205 Felix
537 3178 579 3215 9,
607 3165 749 3205 where
777 3166 851 3206 the
880 3166 1047 3206 mutual
1077 3167 1173 3206 love
1204 3167 1251 3206 of
1274 3167 1349 3207 the
1378 3167 1613 3206 Christiane
1642 3166 1678 3205 is
1706 3166 1831 3206 made
1860 3166 1935 3206 the

252 3227 414 3280 ground
435 3227 482 3267 of
496 3240 521 3266 a
540 3227 736 3268 criminal
758 3227 1032 3268 insinuation.
1090 3228 1169 3268 See
1188 3228 1317 3279 Gore,
1338 3227 1437 3270 Chr.
1462 3228 1514 3268 M
1514 3229 1570 3268 in.
1595 3241 1634 3280 p.
1654 3239 1720 3278 30.
