2124 3554
191 223 289 262 CAP.
313 215 444 268 xL1.]
577 207 838 260 adversus
879 205 1070 258 Gentes
1094 215 1200 275 pro
1241 204 1586 259 Christianis.
1755 218 1852 272 127

187 351 367 416 populo
392 350 710 411 denuntiatis,
729 349 913 398 caelum
937 349 1068 412 apud
1095 348 1397 412 Capitolium
1417 347 1669 411 quaeritis,
1689 348 1858 396 nubila

189 435 248 483 de
283 434 596 496 laquearibus
633 430 940 495 exspectatis,
964 431 1123 480 aversi
1160 431 1222 479 ab
1258 430 1366 494 ipso
1403 435 1454 479 et
1485 431 1590 478 Deo
1627 435 1676 478 et
1713 431 1857 478 caelo.

190 518 295 565 Nos
315 533 432 564 vero
452 515 654 578 jejuniis
677 513 804 562 aridi
828 518 878 563 et
901 513 1034 562 omni
1058 512 1361 562 continentia
1385 511 1613 576 expressi,
1640 513 1702 560 ab
1726 512 1859 560 omni

188 599 320 648 vitae
362 599 503 662 fruge
546 597 699 656 dilati,
737 580 791 644 in
839 612 976 645 sacco
1022 599 1072 643 et
1119 594 1280 644 cinere
1325 595 1618 655 volutantes,
1669 594 1858 642 invidia

189 682 372 730 caelum
418 680 683 739 tundimus,
725 679 885 727 Deum
920 678 1183 742 tangimuS,
1223 682 1274 726 et
1322 694 1430 725 cum
1478 677 1859 725 misericordiam
1875 693 1896 733 5

188 763 546 822 extorserimus,
572 762 770 826 Jupiter
792 761 1060 810 honoratur
1083 777 1112 809 a
1133 759 1284 820 vobis,
1313 760 1449 809 Deus
1474 760 1755 824 negligitur.

822 1058 1045 1114 CAPUT
1084 1058 1219 1106 XLI.

194 1189 199 1191 ’
258 1193 364 1240 VOS
398 1192 553 1255 igitur
585 1190 854 1255 importuni
886 1190 1032 1238 rebus
1064 1189 1303 1248 humanis,
1329 1207 1415 1238 vos
1448 1189 1519 1237 rei
1551 1190 1858 1253 publicorum

188 1275 613 1333 incommodorum,
637 1291 718 1322 vos
746 1273 982 1321 malorum
1013 1272 1167 1320 illices
1199 1289 1397 1336 semper,
1425 1272 1556 1336 apud
1580 1290 1699 1336 quos
1724 1273 1858 1320 Deus

190 1357 446 1421 spernitur,
466 1361 655 1404 statuae
679 1356 958 1404 adorantur.
1019 1355 1205 1418 Utique
1230 1355 1360 1403 enim
1385 1355 1667 1404 credibilius
1690 1354 1859 1403 haberi
1878 1371 1927 1399 10

190 1439 348 1498 debet,
386 1456 497 1487 eum
532 1437 676 1486 irasci
711 1437 798 1500 qui
832 1437 1126 1500 negligatur,
1164 1453 1309 1500 quam
1344 1437 1430 1500 qui
1466 1438 1721 1486 coluntur:
1772 1441 1860 1485 aut

189 1538 280 1570 nae
320 1521 393 1568 illi
434 1519 746 1584 iniquissimi,
789 1519 830 1568 si
871 1523 1073 1583 propter
1116 1519 1422 1568 Christianos
1463 1519 1610 1568 etiam
1651 1520 1860 1568 cultores

188 1620 300 1652 suos
323 1590 537 1661 laedunt,
555 1619 672 1666 quos
695 1618 917 1666 separare
935 1602 1166 1651 deberent
1190 1620 1219 1650 a
1243 1602 1430 1651 meritis
1449 1602 1858 1651 Christianorum.

190 1687 314 1746 Hoc,
346 1686 566 1750 inquitis,
600 1690 649 1734 et
684 1685 734 1732 in
770 1685 933 1733 Deum
964 1691 1185 1734 vestrum
1219 1691 1528 1750 repercutere
1564 1690 1652 1744 est,
1691 1686 1776 1748 qui
1811 1694 1859 1734 et

189 1768 293 1832 ipse
338 1769 560 1831 patiatur
604 1771 806 1831 propter
850 1767 1076 1831 profanos
1118 1768 1265 1816 etiam
1308 1769 1516 1817 cultores
1558 1785 1671 1816 suos
1717 1767 1858 1816 laedi.
1879 1790 1926 1829 15

189 1849 454 1899 Admittite
477 1851 614 1914 prius
638 1849 980 1914 dispositiones
1005 1852 1121 1912 ejus,
1148 1854 1197 1898 et
1220 1867 1319 1898 non
1344 1850 1705 1912 retorquebitis,
1761 1849 1860 1910 Qui

191 1932 319 1980 enim
341 1933 487 1981 semel
511 1937 764 1981 aeternum
783 1931 1023 1994 judicium
1046 1932 1315 1981 destinavit
1337 1938 1448 1996 post
1481 1931 1662 1981 saeculi
1694 1932 1857 1990 finem,

190 2032 288 2063 non
317 2015 608 2078 praecipitat
632 2014 986 2075 discretionem,
1012 2031 1137 2078 quae
1170 2019 1245 2064 est
1277 2016 1498 2064 condicio
1530 2015 1719 2078 judicii,
1746 2021 1859 2063 ante

191 2097 370 2146 saeculi
402 2098 559 2146 finem.
630 2097 864 2160 Aequalis
898 2102 972 2146 est
1007 2097 1208 2146 interim
1249 2115 1395 2162 super
1431 2116 1571 2147 omne
1609 2099 1859 2146 hominum

191 2195 345 2243 genus
379 2185 428 2227 et
463 2179 721 2241 indulgens
760 2183 810 2227 et
847 2178 1132 2242 increpans3
1173 2180 1444 2228 communia
1477 2181 1635 2228 voluit
1672 2197 1773 2229 esse
1809 2187 1859 2229 et
1879 2199 1929 2226 20

191 2261 436 2311 commoda
459 2260 678 2323 profanis
703 2264 752 2308 et
769 2260 1070 2308 incommoda
1093 2261 1206 2320 suis,
1226 2266 1284 2309 ut
1307 2262 1414 2325 pari
1438 2262 1677 2311 consortio
1697 2280 1860 2310 omnes

192 2349 243 2393 et
266 2342 521 2391 lenitatem
543 2345 647 2404 ejus
670 2346 720 2390 et
743 2342 1055 2391 severitatem
1078 2343 1427 2406 experiremur.
1498 2344 1625 2405 Quia
1648 2344 1765 2393 haec
1789 2345 1860 2392 ita

192 2425 449 2474 didicimus
473 2425 601 2487 apud
626 2425 800 2488 ipsum,
824 2424 1071 2487 diligimus
1105 2425 1373 2484 lenitatem,
1398 2427 1660 2474 metuimus
1686 2427 1861 2475 severi-

191 2514 358 2567 tatem,
382 2524 467 2555 vos
492 2510 659 2554 contra
682 2498 937 2570 utramque
962 2507 1214 2569 despicitis
1235 2525 1245 2555 :
1285 2513 1335 2556 et
1359 2509 1595 2570 sequitur,
1614 2514 1672 2556 ut
1695 2494 1860 2557 omnes

192 2589 371 2640 saeculi
394 2589 565 2652 plagae
589 2589 739 2648 nobis,
766 2588 809 2637 si
831 2589 969 2647 forte,
994 2588 1047 2636 in
1070 2589 1466 2649 admonitionem,
1482 2591 1618 2639 vobis
1642 2591 1695 2638 in
1720 2591 1856 2639 casti·
1879 2611 1925 2650 25

191 2722 354 2762 caelum
373 2726 416 2762 et
436 2725 528 2760 aret
547 2733 697 2770 annus,
717 2720 986 2773 nudipedalia
1006 2721 1328 2771 denuntiantur,
1348 2722 1623 2773 magistratus
1650 2735 1855 2774 purpuras

191 2789 368 2838 ponunt,
389 2785 519 2825 fasces
538 2787 650 2823 retro
668 2787 882 2833 avertunt,
901 2797 1066 2835 precem
1085 2784 1334 2836 indigitant,
1356 2785 1539 2824 hostiam
1558 2784 1828 2825 instaurant.'

249 2858 285 2886 1.
313 2848 480 2886 nubila
509 2848 566 2884 de
595 2847 894 2892 laquearibus
921 2848 1233 2892 exspectatis:
1263 2859 1395 2898 comp.
1417 2846 1483 2887 eh.
1506 2858 1569 2898 24,
1593 2849 1605 2868 ‘
1622 2847 1755 2886 nubes
1775 2860 1851 2885 nu-

191 2912 325 2948 meret
344 2905 495 2955 orans,’
515 2911 591 2947 ete.

250 2971 312 3010 18.
343 2981 440 3009 non
469 2970 749 3015 praecipitat
782 2970 1129 3008 discretionem.
1187 2969 1330 3020 Comp.
1351 2969 1532 3008 Parable
1559 2969 1606 3009 of
1620 2969 1694 3010 the
1713 2969 1855 3014 Tares,

193 3031 480 3071 S.Matt.xiii.
503 3032 649 3080 28—30,
660 3042 713 3082 49
731 3043 741 3079 3
770 3030 854 3070 and
866 3044 962 3070 xxv.
984 3042 1049 3081 32.
1108 3030 1173 3070 On
1192 3031 1484 3083 praecipitare,
1512 3034 1584 3072 ‘to
1602 3033 1752 3072 hasten
1767 3045 1857 3084 pre-

193 3091 427 3145 maturely,'
448 3106 515 3132 see
535 3097 646 3140 note,
667 3093 732 3131 ch.
755 3103 819 3131 22.

252 3166 312 3207 19.
345 3157 569 3202 Aequalis
589 3158 660 3194 est
679 3156 883 3194 interim.
942 3153 984 3193 S.
1005 3153 1135 3194 Matt.
1157 3168 1198 3195 ν.
1219 3166 1285 3206 45.

252 3226 316 3267 25.
345 3218 388 3256 si
406 3219 530 3256 forte
549 3230 558 3256 ε
591 3214 651 3255 ‘if
665 3228 728 3256 we
746 3215 827 3255 feel
847 3215 964 3255 them
982 3218 1028 3255 at
1046 3215 1106 3255 all
1119 3213 1130 3231 ’
1146 3229 1157 3264 ;
1187 3229 1253 3256 see
1271 3220 1384 3268 note,
1409 3215 1474 3257 ch.
1493 3215 1558 3262 16,
