2124 3554
262 222 360 260 cn.
379 215 547 269 XLI-V]
622 207 885 261 adversus
927 206 1121 260 Gentes
1144 214 1252 273 pro
1293 204 1640 260 Christianis.
1819 221 1842 260 ,1
1852 219 1915 274 31

868 454 1094 504 CAPUT
1130 453 1321 503 XLIII.

330 591 510 638 PLANE
558 578 835 647 confitebor,
877 587 1090 651 quinam,
1139 587 1183 636 si
1227 586 1367 645 forte,
1409 602 1523 634 vere
1562 586 1621 633 de
1667 585 1928 634 sterilitate

263 672 656 722 Christianorum
681 671 911 734 conqueri
935 669 1135 734 possint.
1206 667 1365 716 Primi
1402 671 1549 716 erunt
1582 668 1794 727 lenones,
1820 684 1928 731 per-

262 754 502 814 ductoreS‚
528 753 780 817 aquarioli,
804 758 909 801 tum
938 751 1117 810 sicarii,
1141 750 1405 810 venenarii,
1430 749 1572 813 magi,
1597 750 1715 798 item
1738 749 1927 808 harioli,

261 835 550 899 haruspices,
577 834 920 883 mathematici.
985 834 1080 882 His
1104 833 1428 882 infructuosos
1453 849 1554 880 esse
1578 849 1783 895 magnus
1804 832 1929 880 fruc·
1947 857 1968 895 5

263 923 345 967 tus
369 922 459 967 est.
529 918 598 966 Et
625 922 791 965 tamen
826 917 1161 980 quodcumque
1196 915 1502 979 dispendium
1538 919 1611 963 est
1645 915 1718 963 rei
1742 919 1930 963 vestrae

263 1018 352 1066 per
391 1000 515 1048 hanc
557 1003 753 1059 sectam,
789 1017 901 1047 cum
934 999 1100 1062 aliquo
1138 998 1310 1061 utique
1348 997 1593 1062 'praesidio
1629 997 1931 1061 compensari

262 1088 437 1147 potest.
508 1082 696 1145 Quanti
719 1082 920 1142 habetis,
946 1099 1042 1129 non
1065 1080 1172 1129 dico
1197 1081 1283 1145 qui
1307 1083 1410 1143 jam
1434 1081 1493 1128 de
1516 1080 1655 1128 vobis
1681 1079 1931 1128 daemonia

263 1165 527 1226 excutiant,
571 1182 667 1213 non
707 1165 816 1214 dico
858 1168 960 1228 jam
1001 1164 1086 1229 qui
1124 1182 1214 1228 pro
1257 1165 1394 1213 vobis
1437 1181 1631 1228 quoque
1671 1181 1787 1212 vero
1828 1163 1932 1210 Deo

264 1265 429 1312 preces
462 1251 695 1308 sternant,
723 1247 838 1310 quia
873 1248 1000 1296 forte
1034 1264 1133 1295 non
1168 1247 1384 1307 creditis,
1400 1248 1495 1295 ‘sed
1529 1265 1558 1296 a
1592 1246 1773 1311 quibus
1808 1245 1931 1293 nihil
1952 1267 2001 1295 ιο

266 1330 438 1379 timere
460 1329 668 1394 possitis.

877 1508 1105 1558 CAPUT
1141 1510 1322 1558 XLIV.

334 1627 412 1676 Αἰ·
435 1626 563 1676 enim
586 1627 710 1675 illud
734 1627 1081 1676 detrimentum
1112 1627 1423 1692 reipublicae,
1450 1632 1553 1675 tam
1581 1626 1764 1690 grande
1789 1629 1934 1691 quam

265 1726 449 1769 verum,
492 1726 634 1757 nemo
675 1709 1020 1772 circumspicit,
1062 1709 1195 1758 illam
1238 1709 1473 1772 injuriam
1514 1709 1731 1758 civitatis
1771 1709 1935 1774 nullus

263 1791 511 1855 expendit,
536 1808 689 1854 quum
724 1795 801 1840 tot
831 1791 954 1854 justi
990 1791 1335 1855 impendimur,
1360 1809 1509 1856 quum
1544 1796 1618 1840 tot
1654 1791 1935 1840 innocentes
1955 1808 2002 1848 15

264 1890 534 1937 erogamur.
604 1874 803 1922 Vestros
838 1873 965 1922 enim
996 1876 1098 1937 jam
1139 1879 1470 1923 contestamur
1504 1878 1655 1933 actus,
1693 1874 1779 1938 qui
1817 1891 1935 1936 quo-

263 1955 385 2004 tidie
426 1955 702 2019 judicandis
743 1955 975 2004 custodiis
1015 1954 1317 2019 praesidetis,
1359 1957 1445 2020 qui
1487 1957 1740 2005 sententiis
1781 1956 1936 2020 elogia

264 2036 570 2100 dispungitis.
639 2038 732 2085 Tot
766 2055 795 2085 a
828 2037 969 2086 vobis
1003 2044 1229 2087 nocentes
1270 2038 1419 2086 variis
1461 2039 1719 2086 criminum
1760 2037 1932 2102 elogiis

265 2122 614 2178 recensentur3
676 2119 785 2182 quis
832 2119 935 2167 illic
984 2120 1198 2179 sicarius,
1242 2120 1353 2183 quis
1399 2120 1784 2180 manticularius,
1827 2119 1937 2183 quis

265 2200 543 2263 sacrilegus,
567 2204 656 2248 aut
687 2205 954 2263 corruptor,
982 2206 1068 2250 aut
1097 2202 1367 2250 lavantium
1402 2202 1596 2265 praedo,
1626 2203 1756 2250 idem
1787 2202 1935 2250 etiam
1955 2220 2005 2247 20

269 2281 579 2330 Christianus
602 2282 930 2330 adscribitur?
966 2286 1055 2331 aut
1084 2301 1194 2332 cum
1219 2283 1491 2332 Christiani
1515 2301 1600 2332 suo
1624 2283 1772 2332 titulo
1796 2283 1934 2332 offer-

309 2424 362 2464 ,2.
392 2415 450 2452 de
470 2415 724 2453 sterilitate
746 2431 783 2445 =
803 2413 1064 2465 infructuosi
1082 2415 1131 2453 in
1150 2416 1328 2466 neqotiis
1347 2413 1391 2453 of
1405 2414 1629 2467 preceding
1646 2415 1832 2467 chapter.

325 2486 362 2525 3.
393 2477 541 2514 Primi
560 2479 700 2515 erunt
719 2478 927 2515 lenones.
985 2476 1128 2528 Comp.
1148 2476 1200 2515 de
1218 2476 1320 2517 idol.
1335 2478 1517 2529 passim.

326 2547 361 2588 5.
391 2538 735 2577 mathematici:
767 2536 1063 2590 ‘astrologers.'
1119 2538 1199 2578 See
1225 2543 1326 2579 note
1354 2552 1409 2578 on
1437 2540 1570 2579 astris
1594 2539 1658 2578 ch.
1690 2550 1737 2589 13
1771 2540 1856 2579 and
1883 2553 1937 2579 on

270 2598 323 2639 de
347 2598 520 2639 Caesare
539 2600 677 2649 eapite
696 2599 947 2645 consultant,
966 2599 1030 2639 ch.
1053 2611 1117 2651 35.

325 2661 365 2700 8.
397 2662 454 2699 de
472 2663 609 2700 vobis
630 2663 879 2701 daemonia
897 2664 1151 2701 excutiant.
1209 2662 1352 2714 Comp.
1373 2661 1438 2702 ch.
1462 2674 1482 2701 2
1489 2673 1525 2712 3,
1551 2673 1600 2712 32
1640 2670 1704 2714 37.

329 2733 392 2761 10.
422 2734 450 2762 a
467 2725 640 2769 quibus
660 2725 785 2761 nihil
802 2726 969 2763 timere
988 2726 1196 2770 possitis.
1254 2724 1396 2776 Comp.
1417 2724 1480 2763 ch.
1506 2732 1572 2776 37.

328 2782 391 2824 16.
421 2796 677 2830 erogamur.
734 2784 932 2836 Eroyare,
946 2786 1012 2825 lit.
1034 2803 1071 2818 --
1098 2788 1107 2806 ‘
1121 2789 1166 2825 to
1185 2786 1316 2838 spend
1330 2786 1341 2803 ’
1357 2799 1367 2834 ;
1396 2786 1481 2825 and
1499 2798 1544 2824 so
1563 2784 1610 2825 of
1622 2784 1698 2825 life
1717 2789 1851 2838 spent,
1868 2788 1879 2807 ‘
1892 2789 1937 2826 to

274 2843 474 2897 destroy,’
494 2859 540 2885 as
559 2845 673 2896 here,
692 2846 776 2886 and
794 2846 857 2886 ch.
879 2847 932 2897 48
947 2860 957 2895 ;
986 2848 1036 2887 de
1055 2851 1178 2899 spect.
1203 2859 1250 2886 12
1267 2862 1278 2897 ;
1306 2849 1356 2888 de
1368 2861 1554 2900 praescr.
1574 2847 1685 2888 haer.
1709 2859 1745 2887 2.

330 2915 392 2959 17.
421 2907 660 2947 custodiis.
719 2907 796 2947 See
813 2913 924 2957 note,
945 2907 1009 2948 ch.
1031 2921 1069 2961 9.

381 2971 465 3016 qui
493 2971 745 3008 sententiis
773 2972 928 3016 elogia.
951 2973 1252 3018 dispungitis.
1310 2971 1389 3011 See
1408 2975 1508 3011 note
1527 2984 1582 3011 on
1601 2970 1852 3024 dispunctio,
1871 2971 1935 3011 ch.

272 3031 353 3078 .18;
381 3031 466 3070 and
484 3044 538 3069 on
557 3031 745 3081 eloyiwm,
768 3031 832 3070 ch.
857 3043 890 3070 2.

333 3103 396 3132 20.
424 3094 688 3131 lavantium
716 3095 902 3139 praedo.
961 3094 1005 3132 A
1023 3107 1126 3146 very
1143 3107 1332 3134 common
1357 3094 1465 3134 class
1485 3093 1531 3133 of
1545 3093 1663 3143 thies,
1682 3094 1867 3146 relating
1893 3097 1938 3133 to

275 3153 412 3194 whom
433 3166 500 3193 see
518 3154 592 3193 the
611 3155 770 3193 section
789 3155 834 3193 in
853 3155 926 3195 the
945 3155 1097 3208 Digest
1112 3158 1165 3196 de
1169 3156 1348 3209 furibus
1368 3156 1613 3206 balneariis,
1632 3156 1751 3196 xlvii.
1776 3164 1836 3207 17.

335 3226 397 3255 21.
427 3227 513 3256 suo
540 3216 686 3257 titulo
714 3219 1000 3259 offeruntur:
1032 3220 1044 3240 ‘
1058 3232 1131 3258 are
1157 3220 1340 3272 brought
1367 3220 1457 3259 into
1481 3223 1600 3259 court
1625 3232 1680 3258 on
1707 3219 1821 3259 their
1846 3230 1939 3258 own

1076 3303 1167 3335 ΚΖ
