2124 3554
255 205 324 256 80
726 210 1062 266 Tertulliani
1096 213 1148 264 A
1143 216 1470 282 pologetz'cus
1679 225 1800 279 [CAP.
1821 232 1937 272 XXI.

251 351 497 402 Caesares.
569 354 813 420 Discipuli
838 374 1034 422 quoque
1058 341 1223 408 diffusi
1255 378 1346 425 per
1370 363 1552 421 orbem,
1580 380 1641 412 ex
1672 370 1937 430 praecepto

249 436 473 500 magistri
498 437 592 486 Dei
616 446 903 503 paruerunt,
929 443 1016 506 qui
1051 448 1100 492 et
1131 443 1228 507 ipsi
1261 462 1291 493 a
1323 445 1356 493 J
1360 446 1528 494 udaeis
1560 446 1936 512 insequentibus

250 520 406 570 multa
440 523 671 586 perpessi,
704 524 878 588 utique
910 543 1001 589 pro
1034 526 1215 575 fiducia
1237 528 1464 577 veritatis
1498 529 1719 590 libenter,
1752 532 1935 581 Romae
1983 556 1985 558 ·

248 608 495 668 postremo
535 624 623 670 per
669 608 882 657 Neronis
925 609 1199 669 saevitiam,
1248 611 1537 675 sanguinem
1593 613 1933 663 Christianum

209 687 630 745 5seminaverunt.
734 689 832 740 Sed
886 693 1268 741 monstrabimus
1321 694 1462 743 vobis
1520 695 1723 745 idoneos
1782 701 1936 747 testes

249 769 449 831 Christi,
486 771 618 835 ipsos
655 773 764 822 illos
801 791 919 839 quos
955 775 1187 825 adoratis.
1261 777 1476 826 Multum
1519 782 1609 838 est,
1646 780 1690 828 si
1732 797 1813 829 eos
1849 781 1934 829 ad-

248 853 442 902 hibeam
482 862 540 904 ut
582 857 794 906 credatis
836 858 1146 919 Christianis,
1189 865 1395 924 propter
1437 879 1558 925 quos
1598 879 1696 911 non
1737 864 1936 913 creditis

250 937 561 989 Christianis.

317 1022 527 1071 Interim
562 1022 641 1072 hic
677 1029 752 1072 est
783 1025 900 1073 ordo
931 1033 1125 1075 nostrae
1154 1026 1501 1087 institutionis,
1527 1028 1657 1079 hunc
1691 1031 1935 1082 edidimus

183 1129 234 1158 10
247 1108 298 1153 et
333 1109 492 1154 sectae
528 1112 577 1154 et
612 1107 824 1156 nominis
861 1126 1063 1156 censum
1100 1127 1210 1157 cum
1245 1128 1333 1159 suo
1362 1117 1571 1160 auctore.
1643 1114 1800 1162 Nemo
1830 1115 1935 1179 jam

246 1188 495 1236 infamiam
537 1189 759 1250 incutiat,
800 1208 943 1239 nemo
985 1192 1122 1240 aliud
1163 1194 1428 1253 existimet,
1467 1194 1585 1259 quia
1620 1213 1709 1245 nec
1748 1197 1821 1246 fas
1859 1203 1935 1247 est

247 1271 337 1318 ulli
365 1272 425 1320 de
456 1290 545 1320 sua
576 1272 812 1336 religione
845 1275 1061 1324 mentiri.
1133 1276 1211 1324 Ex
1242 1294 1299 1325 eo
1331 1277 1476 1336 enim,
1504 1279 1636 1342 quod
1667 1279 1807 1328 aliud
1830 1298 1860 1329 a
1885 1299 1933 1330 se

247 1354 339 1403 coli
386 1355 520 1415 dicit,
565 1374 711 1420 quam
758 1357 889 1417 colit,
936 1363 1086 1422 negat
1133 1360 1265 1424 quod
1312 1360 1444 1420 colit,
1493 1366 1544 1409 et
1592 1362 1836 1412 culturam
1883 1370 1934 1413 et

246 1438 473 1486 honorem
499 1439 553 1486 in
581 1439 792 1488 alterum
823 1442 1072 1501 transfert,
1101 1446 1151 1490 et
1178 1443 1518 1492 transferendo
1546 1445 1651 1508 jam
1684 1463 1782 1494 non
1816 1447 1934 1495 colit

182 1552 228 1592 15
247 1522 379 1585 quod
418 1522 633 1585 negavit.
705 1523 943 1587 Dicimus,
988 1530 1038 1573 et
1079 1525 1243 1589 palam
1286 1526 1511 1588 dicimus,
1556 1533 1605 1576 et
1645 1530 1786 1578 vobis
1829 1535 1932 1579 tor-

248 1604 512 1669 quentibus
554 1606 756 1654 lacerati
799 1613 848 1656 et
890 1609 1083 1657 cruenti
1122 1609 1472 1658 vociferamur:
1529 1611 1690 1660 Deum
1732 1613 1933 1662 colimus

247 1706 336 1752 per
360 1688 629 1738 Christum.
702 1689 856 1738 Illum
885 1690 1128 1739 hominem
1156 1697 1343 1756 putate,
1370 1711 1461 1757 per
1484 1711 1597 1742 eum
1626 1699 1675 1743 et
1706 1695 1761 1743 in
1793 1713 1849 1745 eo
1883 1714 1933 1746 se

245 1772 471 1837 cognosci
495 1773 604 1821 vult
637 1773 771 1821 Deus
796 1779 844 1821 et
869 1774 978 1823 coli.
1050 1776 1126 1824 Ut
1158 1779 1325 1824 autem
1355 1777 1387 1825 J
1393 1777 1561 1826 udaeis
1596 1780 1931 1842 respondeam,

245 1859 296 1903 et
342 1854 439 1919 ipsi
487 1856 649 1903 Deum
691 1874 780 1920 per
831 1855 1120 1926 [hominem]
1164 1859 1366 1923 Moysen
1414 1860 1571 1909 colere
1621 1862 1931 1922 didicerunt3

180 1968 231 1996 20
246 1943 304 1987 ut
347 1938 548 1988 Graecis
596 1957 859 2001 occurram,
908 1940 1134 2005 Orpheus
1177 1942 1380 2003 Pieriae,
1424 1943 1657 1994 Musaeus
1698 1944 1931 2005 Athenis,

247 2136 360 2171 ever,
374 2122 426 2162 be
444 2122 607 2174 merely
626 2122 818 2175 drawing
838 2124 1053 2163 attention
1065 2128 1111 2164 to
1130 2124 1203 2164 the
1222 2124 1623 2179 irreconcileability
1641 2128 1687 2167 of
1702 2127 1776 2167 the
1796 2129 1930 2181 impe-

246 2185 326 2225 rial
345 2185 526 2237 position
546 2185 631 2223 and
650 2185 883 2235 character,
904 2186 1068 2238 though
1087 2187 1401 2239 indispensable
1420 2192 1466 2228 to
1485 2189 1559 2228 the
1580 2190 1780 2244 stability
1799 2191 1844 2230 of
1855 2191 1931 2231 the

248 2262 341 2301 age,
360 2249 467 2288 with
487 2247 561 2287 the
581 2247 797 2287 Christian
817 2247 927 2288 saith
951 2248 1222 2301 (Woodham,
1243 2253 1342 2290 note
1363 2250 1421 2290 ad
1444 2250 1562 2303 loa).

305 2326 343 2366 4.
372 2316 650 2360 sanguinem
674 2317 997 2354 Christianum
1015 2318 1396 2357 seminaverunt:
1428 2329 1560 2369 comp.
1584 2317 1648 2358 ch.
1672 2329 1738 2370 50,
1760 2321 1773 2342 ‘
1787 2332 1931 2359 semen

250 2382 316 2418 est
335 2378 505 2430 sanguis
525 2376 889 2418 Christianorum.’

307 2452 343 2492 5.
376 2442 742 2480 monstrabimus
770 2444 922 2482 vobis.
979 2442 1221 2482 Tertullian
1249 2443 1423 2484 devotes
1453 2443 1527 2483 the
1558 2443 1681 2484 three
1709 2444 1930 2498 following

248 2504 444 2556 chapters
463 2507 508 2542 to
531 2503 744 2555 adducing
762 2504 837 2543 the
856 2505 1088 2557 testimony
1107 2505 1154 2544 of
1167 2505 1242 2545 the
1263 2506 1461 2545 daemone
1482 2509 1527 2545 to
1547 2506 1703 2548 Christ.

305 2565 343 2606 6.
378 2568 590 2604 Multum
610 2570 696 2614 est,
719 2567 773 2605 si.
834 2569 844 2588 ‘
861 2566 906 2605 It
925 2567 959 2606 is
980 2580 1006 2606 a
1024 2571 1146 2618 great
1165 2567 1286 2619 point
1304 2570 1352 2607 to
1372 2580 1474 2619 urge
1494 2567 1532 2606 if
1558 2597 1568 2607 .
1598 2598 1609 2607 .
1638 2566 1666 2608 .’

308 2637 345 2680 7.
380 2630 671 2667 Christianis.
730 2628 777 2667 If
809 2628 1048 2669 Christiani
1079 2630 1132 2669 be
1165 2629 1281 2679 read,
1310 2629 1384 2669 the
1417 2633 1572 2669 constr.
1607 2630 1642 2669 is
1680 2634 1726 2670 ut
1760 2629 1926 2683 [fiatis]

251 2690 493 2732 Christiani
516 2689 592 2743 [et]
615 2690 817 2731 credatis.

310 2764 373 2792 10.
403 2765 621 2793 censum:
653 2766 721 2792 see
742 2759 857 2805 note,
878 2754 944 2794 ch.
968 2762 1003 2805 7.

310 2826 372 2853 11.
403 2818 516 2862 quia
539 2828 626 2856 nec
653 2818 723 2855 fas
749 2821 832 2866 est,
855 2819 866 2838 ‘
882 2818 996 2856 since
1023 2817 1060 2857 it
1084 2817 1120 2857 is
1144 2816 1191 2856 of
1214 2831 1359 2857 course
1388 2815 1676 2869 impossible’:
1707 2821 1752 2856 to
1780 2818 1836 2859 lie
1863 2831 1927 2858 re-

251 2878 440 2929 specting
460 2878 573 2916 one’s
593 2878 772 2930 religion
790 2879 827 2918 is
847 2881 942 2931 ipso
948 2880 1079 2931 facto
1099 2883 1144 2918 to
1163 2892 1282 2919 cease
1301 2883 1347 2920 to
1365 2880 1521 2931 belong
1539 2883 1584 2919 to
1602 2879 1650 2918 it.

310 2950 372 2978 20.
405 2942 622 2985 Orpheus
644 2942 843 2980 Pieriae.
900 2941 1030 2980 After
1047 2941 1113 2980 his
1132 2945 1281 2981 return
1299 2941 1408 2981 from
1428 2942 1502 2981 the
1521 2941 1784 2993 Argonautic
1803 2955 1926 2993 expe-

251 3001 389 3040 dition
409 3001 616 3052 Orpheus,
637 3003 861 3055 according
880 3007 926 3042 to
945 3003 1020 3043 the
1048 3003 1186 3055 myth,
1208 3003 1364 3043 settled
1393 3004 1439 3043 in
1468 3003 1622 3049 Pieria,
1651 3016 1677 3042 a
1705 3004 1854 3055 region
1883 3003 1930 3043 of

252 3063 520 3110 Macedonia,
541 3064 626 3102 and
646 3065 800 3115 taught
819 3064 894 3104 the
913 3065 1177 3104 inhabitants
1198 3065 1270 3105 the
1290 3069 1378 3105 arts
1397 3065 1444 3105 of
1459 3065 1728 3106 civilization.

363 3126 588 3164 Musaeus
607 3128 838 3166 Athenis:
868 3141 893 3167 a
913 3127 1267 3179 semi-legendary
1287 3128 1426 3168 Greek
1447 3130 1545 3179 poet
1574 3127 1621 3166 of
1645 3127 1719 3166 the
1750 3127 1854 3166 time
1884 3127 1930 3167 of

252 3185 456 3238 Orpheus,
478 3187 618 3227 whose
638 3189 931 3240 compositions
950 3189 1117 3228 treated
1138 3189 1183 3228 of
1197 3189 1271 3229 the
1290 3190 1443 3242 mystic
1461 3189 1564 3228 rites
1586 3189 1632 3228 of
1646 3189 1858 3241 Dionysus
1879 3196 1924 3230 at

253 3249 450 3298 Eleusis;
479 3249 625 3289 Cicero
645 3250 695 3289 de
714 3252 804 3290 nat.
826 3250 940 3291 deor.
959 3251 986 3291 i.
1013 3261 1074 3302 15.
1098 3262 1166 3301 41.
