2124 3554
207 263 306 302 cn.
328 256 541 309 XLV111.]
594 249 856 301 adversus
899 247 1095 300 Gentes
1118 256 1225 314 pro
1270 246 1620 300 Christiani&
1774 258 1876 314 145

208 391 476 439 Considera
499 391 829 454 temetipsum,
858 390 902 439 O
928 389 1086 448 homo,
1114 394 1164 438 et
1187 389 1333 437 fidem
1366 389 1437 437 rei
1473 389 1707 439 invenies.
1778 391 1877 439 Re-

206 474 364 537 cogita
387 474 507 538 quid
531 473 694 531 fueris,
712 477 977 537 antequam
1001 488 1153 520 esses:
1187 472 1357 535 utique
1381 471 1508 519 nihil
1527 489 1539 532 ;
1576 473 1877 522 meminisses

205 557 350 615 enim,
372 557 415 604 si
438 556 556 620 quid
579 555 779 605 fuisses..
826 555 925 616 Qui
948 571 1064 618 ergo
1090 554 1214 602 nihil
1237 556 1400 603 fueras
1424 554 1708 619 priusquam
1732 572 1875 614 esses,

205 639 337 686 idem
359 638 486 686 nihil
510 640 668 687 factus
692 654 801 687 cum
820 654 922 686 esse
941 637 1158 696 desieris,
1176 653 1262 684 cur
1285 653 1383 684 non
1406 637 1563 700 possis
1581 655 1685 686 esse
1707 655 1878 686 rursus

205 722 267 769 de
301 721 469 781 nihilo,
507 721 723 784 ejusdem
760 721 916 784 ipsius
956 720 1170 769 auctoris
1206 720 1474 779 voluntate,
1514 721 1600 784 qui
1635 725 1685 768 te
1720 720 1876 769 voluit
1895 735 1917 775 5

206 821 308 853 esse
332 804 391 852 de
416 804 605 853 nihilo?
669 803 801 864 Quid
827 802 942 851 novi
966 802 1060 850 tibi
1083 802 1308 851 eveniet‘l
1346 802 1432 866 qui
1457 820 1555 850 non
1579 820 1699 862 eras,
1721 804 1879 852 factus

206 903 282 946 es;
321 904 470 950 quum
506 886 685 934 iterum
722 903 819 934 non
860 885 971 945 eris,
1008 885 1106 933 fies.
1176 885 1350 933 Redde
1390 885 1432 933 si
1466 891 1605 949 potes
1641 886 1879 933 rationem

207 986 303 1032 qua
340 970 499 1018 factus
524 986 590 1028 es,
615 974 668 1017 et
702 973 821 1016 tunc
855 967 1050 1031 require
1087 984 1183 1029 qua
1218 967 1317 1016 fies.
1391 967 1460 1015 Et
1484 973 1650 1016 tamen
1686 967 1879 1017 facilius

206 1051 378 1114 utique
415 1051 502 1100 fies
543 1051 672 1114 quod
708 1050 847 1098 fuisti
883 1050 1159 1113 aliquando,
1199 1050 1316 1113 quia
1354 1066 1505 1113 aeque
1543 1067 1641 1098 non
1683 1049 1879 1098 difficile

206 1135 366 1182 factus
413 1150 477 1193 es,
527 1133 658 1196 quod
703 1127 952 1196 nunquam
998 1132 1138 1181 fuisti
1185 1132 1463 1195 aliquando.
1537 1132 1877 1192 Dubitabitur,
1898 1153 1949 1182 10

207 1202 364 1275 credo,
388 1215 448 1264 de
483 1216 579 1264 Dei
607 1216 810 1275 viribUS,
837 1215 924 1280 qui
958 1220 1152 1264 tantum
1189 1233 1366 1280 corpus
1401 1216 1490 1264 hoc
1526 1215 1697 1263 mundi
1729 1216 1788 1264 de
1822 1232 1878 1264 eo

208 1299 339 1363 quod
373 1316 469 1346 non
505 1299 679 1358 fuerat,
716 1315 815 1346 non
850 1298 1010 1346 minus
1047 1316 1193 1362 quam
1229 1301 1289 1348 de
1325 1303 1481 1347 morte
1519 1297 1788 1347 vacationis
1828 1302 1879 1345 et

206 1381 460 1430 inanitatis
500 1380 775 1444 composuit
813 1381 1084 1429 animatum
1123 1382 1305 1445 spiritu
1348 1381 1566 1429 omnium
1606 1380 1878 1429 animarum

206 1465 486 1523 animatore,
526 1463 794 1526 signatum·
812 1467 862 1511 et
902 1481 991 1528 per
1027 1463 1187 1527 ipsum
1230 1464 1469 1512 humanae
1511 1461 1879 1512 resurrectionis

208 1546 486 1609 exemplum
521 1545 574 1593 in
609 1546 942 1595 testimonium
977 1545 1129 1594 vobis.
1200 1547 1314 1594 Lux
1354 1545 1575 1610 quotidie
1616 1545 1878 1593 interfecta
1898 1562 1947 1602 15

205 1627 496 1690 resplendet,
522 1632 574 1676 et
596 1628 824 1676 tenebrae
848 1627 955 1691 pari
978 1628 1084 1676 vice
1109 1628 1382 1676 decedendo
1415 1627 1695 1686 succedunt,
1723 1627 1881 1674 sidera

206 1710 435 1758 defuncta
457 1709 773 1769 reviviscunt,
793 1715 1016 1774 tempora
1036 1710 1123 1758 ubi
1145 1710 1389 1758 finiuntur
1413 1709 1671 1773 incipiunt,
1692 1709 1879 1757 fructus

206 1797 559 1841 consumuntur
582 1798 632 1840 et
659 1792 867 1840 redeunt
882 1809 894 1852 3
932 1798 1060 1841 certe
1098 1793 1282 1842 semina
1315 1809 1412 1840 non
1447 1792 1544 1840 nisi
1576 1795 1806 1855 corrupta
1829 1796 1880 1839 et

205 1874 445 1923 dissoluta
499 1874 755 1923 fecundius
812 1881 1033 1937 surgunt,
1083 1875 1243 1923 omnia
1300 1874 1547 1939 pereundo
1605 1878 1877 1931 servantur,

205 1956 368 2006 omnia
401 1956 461 2004 de
495 1955 703 2004 interitu
736 1957 1079 2005 reformantur.
1149 1958 1241 2017 Tu,
1272 1958 1428 2017 homo,
1456 1961 1653 2005 tantum
1688 1973 1876 2015 nomen,
1898 1977 1948 2004 20

207 2038 250 2087 si
284 2038 530 2101 intelligas
565 2043 630 2098 te,
653 2039 731 2086 vel
765 2039 827 2087 de
861 2039 1011 2087 titulo
1047 2039 1252 2102 Pythiae
1289 2038 1489 2099 discens,
1519 2039 1743 2087 dominus
1778 2055 1878 2086 om-

207 2119 342 2167 nium
365 2120 676 2168 morientium
694 2123 743 2168 et
765 2120 1141 2183 resurgentium,
1160 2122 1223 2169 ad
1245 2122 1335 2169 hoc
1358 2120 1581 2168 morieris
1601 2125 1656 2168 ut
1674 2137 1841 2184 pereas
1859 2122 1876 2168 2

264 2284 302 2324 9.
333 2274 445 2318 quja
464 2284 611 2318 aeque
630 2284 728 2311 non
747 2274 937 2312 difficile
954 2285 963 2312 ε
994 2286 1125 2325 comp.
1144 2274 1196 2312 de
1209 2287 1287 2313 res.
1302 2287 1418 2314 earn.
1438 2285 1484 2313 11
1503 2288 1514 2324 ;
1544 2274 1656 2315 Min.
1673 2275 1791 2314 Felix
1808 2285 1876 2325 34,

211 2339 221 2356 ‘
236 2333 464 2373 Difficilius
483 2338 548 2374 est
567 2334 614 2373 id
631 2334 744 2385 quod
762 2347 848 2373 non
867 2335 924 2374 sit
943 2335 1142 2387 incipere,
1163 2349 1290 2387 quam
1317 2336 1363 2375 id
1386 2337 1499 2388 quod
1524 2337 1655 2376 fuerit
1674 2334 1876 2385 iterare’3

210 2394 406 2435 Lactant.
438 2395 512 2434 vii.
546 2407 609 2445 23.
665 2395 754 2435 The
785 2401 1010 2447 argument
1040 2397 1077 2436 is
1112 2411 1138 2436 a
1171 2410 1362 2437 common
1396 2412 1474 2438 one
1503 2399 1549 2437 in
1581 2399 1654 2439 the
1683 2399 1876 2439 Fathers.

208 2456 377 2496 Ashton
397 2457 599 2508 proposed
618 2461 663 2496 to
683 2457 785 2496 read
805 2458 916 2509 quod
936 2458 1164 2511 άξθὶείῑίαε
1181 2460 1247 2498 for
1266 2474 1351 2499 non
1370 2460 1559 2513 dffeile.

268 2529 331 2558 12.
359 2521 624 2559 vacationis
645 2523 692 2558 et
708 2521 960 2562 ,inanitatis
977 2534 987 2559 ε
1017 2519 1122 2559 Gen.
1144 2520 1173 2561 i.
1197 2532 1236 2570 2,
1249 2522 1261 2542 ‘
1276 2525 1394 2560 terra
1413 2525 1558 2561 autem
1574 2526 1664 2562 erat
1683 2522 1821 2562 inanis
1834 2529 1878 2561 et

210 2579 371 2620 vacua?
603 2577 607 2581 ⁴

273 2652 336 2692 15.
367 2643 475 2680 Lux
494 2643 719 2690 quotidie,
742 2647 816 2682 etc.
874 2642 963 2682 The
986 2643 1244 2683 revolutions
1274 2644 1320 2683 of
1343 2644 1512 2684 Nature
1534 2658 1643 2685 were
1671 2645 1787 2684 often
1814 2659 1878 2684 re-

208 2701 346 2741 ferred
374 2706 420 2741 to
447 2715 494 2742 as
521 2702 857 2755 foreshadowing
884 2704 958 2743 the
989 2705 1269 2744 resurrection
1298 2706 1344 2745 of
1367 2707 1440 2745 the
1467 2706 1608 2759 body3
1639 2720 1708 2745 see
1729 2707 1779 2745 dc
1797 2719 1877 2747 res,

208 2777 322 2805 carn.
349 2777 415 2814 12,
436 2777 487 2815 13
503 2778 514 2813 ;
542 2765 584 2805 S.
604 2766 733 2806 Clem.
753 2766 875 2806 Rom.
895 2767 923 2807 i.
946 2767 1036 2806 Cor.
1063 2778 1110 2818 25
1134 2767 1292 2819 (where
1310 2768 1385 2808 the
1405 2768 1520 2808 fable
1540 2769 1586 2808 of
1600 2769 1674 2809 the
1693 2769 1876 2821 phoenix

207 2827 243 2866 is
272 2827 479 2879 similarly
498 2827 707 2877 adduced)
723 2841 732 2873 ;
762 2828 968 2880 Epiphan.
999 2831 1156 2870 Ancor.
1187 2831 1241 2881 84
1271 2831 1450 2883 (quoted
1478 2831 1666 2870 Pearson
1690 2832 1789 2870 Art.
1819 2831 1875 2870 xi.

207 2888 280 2928 fol.
307 2888 423 2940 376).
479 2889 568 2928 The
595 2890 810 2942 analogies
847 2904 919 2930 are
956 2895 1032 2931 not
1063 2892 1232 2944 strictly
1263 2893 1410 2942 sound,
1443 2906 1511 2932 see
1543 2893 1692 2943 below,
1723 2895 1735 2914 ‘
1750 2893 1877 2945 Ergo,

210 2948 417 3001 inquitis,'
440 2953 514 2990 etc.

268 3011 330 3050 18.
361 3015 541 3051 semina
565 3021 663 3052 non
681 3015 777 3052 nisi
796 3019 1029 3061 corrupta.
1086 3015 1125 3054 S.
1147 3014 1266 3055 John
1284 3015 1358 3055 xii.
1382 3027 1460 3067 24;
1495 3027 1512 3055 1
1536 3016 1631 3055 Cor.
1654 3029 1723 3055 xv.
1747 3014 1810 3064 36.

265 3083 330 3114 21.
352 3075 410 3112 de
421 3076 565 3115 titulo
586 3076 811 3121 Pythiae:
833 3075 954 3114 Γνῶθι
971 3074 1157 3118 σεαυτόν.
1193 3076 1282 3116 The
1293 3076 1578 3129 apophthegm
1591 3089 1677 3117 was
1691 3075 1877 3128 Thales’3

211 3132 334 3185 Diog.
355 3133 495 3175 Laert.
518 3135 546 3174 i.
566 3147 636 3186 40.

269 3205 333 3233 22.
354 3197 414 3234 ad
431 3198 522 3236 hoc
542 3198 758 3236 morieris
774 3211 783 3236 :
805 3199 816 3218 ‘
833 3197 946 3237 shalt
961 3198 1064 3238 thou
1079 3198 1234 3239 indeed
1248 3199 1316 3239 die
1329 3212 1374 3239 so
1388 3213 1435 3239 as
1449 3203 1494 3239 to
1506 3199 1668 3252 utterly
1682 3198 1850 3252 perish2
1865 3196 1876 3215 '

211 3253 313 3294 This
333 3256 548 3297 adverbial
568 3271 640 3298 use
659 3258 705 3298 of
720 3259 778 3299 ad
797 3258 874 3299 hoo
892 3260 1132 3313 frequently
1152 3274 1294 3301 occurs
1313 3262 1358 3302 in
1377 3261 1466 3302 late
1484 3275 1606 3315 prose
1626 3262 1805 3303 writers.

1023 3344 1055 3376 L
