2124 3554
202 254 300 294 cn.
316 246 450 299 XX1.]
525 237 786 292 adversus
827 237 1019 290 Gentes
1049 245 1149 304 pro
1193 234 1540 289 Christianis.
1798 245 1825 300 7
1833 250 1864 303 3

201 400 329 446 rege,
377 381 554 445 quibus
597 399 685 430 nec
725 381 1020 431 advenarum
1054 381 1166 443 jure
1206 382 1387 427 terram
1433 378 1647 440 patriam
1694 376 1867 425 saltem

201 464 411 527 vestigio
446 465 659 512 salutare
693 463 986 512 conceditur.
1059 461 1183 509 Cum
1216 459 1333 508 haec
1368 459 1468 507 illis
1504 464 1698 507 sanctae
1727 475 1868 508 voces

201 546 635 609 praeminarentur,
670 546 865 595 eaedem
898 545 998 592 fere
1033 559 1219 606 semper
1241 558 1404 590 omnes
1438 541 1728 603 ingerebant
1750 542 1866 599 fore,

202 628 279 676 uti
319 629 409 676 sub
451 617 643 677 extimis
676 624 937 676 'curriculis
974 625 1150 675 saeculi
1192 642 1252 672 ex
1299 623 1429 672 omni
1470 626 1571 686 jam
1617 627 1775 686 gente,
1818 627 1868 671 et

201 710 396 773 popu10,
421 716 471 758 et
506 711 609 759 loco
634 710 844 759 cultores
869 708 965 757 sibi
997 708 1230 770 allegeret
1266 706 1400 754 Deus
1424 705 1578 753 multo
1613 706 1867 764 fideliores,
1883 733 1906 773 5

201 792 254 839 in
278 809 399 855 quos
434 792 645 855 gratiam
678 793 978 851 transferret,
1005 794 1056 839 et
1090 789 1359 853 pleniorem
1395 786 1592 852 quidem
1626 789 1687 836 ob
1724 788 1867 837 disci-

202 873 365 937 plinae
390 875 619 923 auctioris
644 874 973 939 capacitatem.
1026 869 1198 940 [Venit
1220 871 1388 935 igitur,
1410 870 1495 934 qui
1518 872 1580 920 ad
1603 873 1869 920 reforman-

202 956 315 1004 dam
339 960 389 1004 et
421 956 794 1005 illuminandam
829 973 935 1005 eam
957 961 1191 1003 venturus
1219 971 1249 1002 a
1280 954 1384 1002 Deo
1416 954 1870 1016 praenuntiabatur,

203 1038 430 1087 Christus
456 1038 540 1086 ille
563 1039 719 1087 Filius
744 1036 879 1105 Dei.]
926 1037 1089 1101 Hujus
1113 1037 1268 1100 igitur
1285 1035 1476 1099 gratiae
1491 1036 1868 1100 disciplinaeque

202 1121 386 1169 arbiter
431 1128 481 1169 et
527 1121 768 1185 magister,
817 1119 1121 1168 illuminator
1179 1124 1326 1182 atque
1388 1118 1623 1167 deductor
1679 1119 1868 1182 generis
1889 1143 1938 1171 10

201 1203 419 1263 humani,
455 1203 609 1251 Filius
638 1203 733 1251 Dei
764 1203 1167 1262 adnuntiabatur,
1192 1219 1289 1250 non
1323 1201 1520 1265 quidem
1552 1201 1625 1250 ita
1656 1201 1868 1266 genitus,

201 1291 260 1335 ut
288 1287 540 1335 erubescat
577 1286 636 1334 de
671 1285 763 1334 filii
797 1286 991 1334 nomine
1027 1292 1115 1335 aut
1150 1286 1210 1334 de
1245 1285 1400 1349 patris
1430 1285 1641 1344 semine3
1679 1302 1775 1333 non
1810 1285 1870 1333 de

201 1369 378 1419 sororis
401 1369 598 1428 incesto,
623 1386 710 1417 nec
733 1369 794 1416 de
819 1373 988 1432 stupro
1011 1368 1140 1417 filiae
1163 1372 1251 1416 aut
1274 1367 1491 1432 conjugis
1515 1367 1701 1417 alienae
1726 1368 1871 1416 deum

201 1458 391 1517 patrem
414 1469 582 1515 passus
605 1456 695 1512 est,
720 1456 1040 1516 squamatum,
1066 1456 1153 1500 aut
1180 1457 1454 1511 cornutum,
1479 1455 1566 1500 aut
1590 1452 1870 1515 plumatum

201 1539 477 1592 amatorem,
514 1539 601 1583 aut
634 1534 686 1581 in
721 1551 896 1582 aurum
930 1552 1239 1601 conversum:
1278 1533 1311 1582 J
1316 1534 1422 1583 ovis
1457 1534 1588 1582 enim
1621 1534 1719 1583 ista
1754 1538 1869 1582 sunt
1889 1554 1937 1594 15

203 1616 404 1665 numina
425 1617 591 1666 vestri.
665 1616 895 1665 Ceterum
922 1617 1018 1666 Dei
1054 1617 1208 1666 Filius
1245 1618 1431 1666 nullam
1466 1619 1526 1667 de
1562 1617 1872 1682 impudicitia

202 1699 350 1748 habet
374 1702 590 1760 matrem,
618 1699 764 1748 etiam
787 1716 935 1763 quam
959 1700 1158 1748 videtur
1180 1700 1361 1749 habere
1385 1718 1481 1748 non
1505 1705 1751 1765 nupserat.

272 1780 370 1830 Sed
393 1781 530 1844 prius
554 1782 874 1830 substantiam
898 1783 1172 1854 edisseram,
1189 1787 1239 1831 et
1260 1782 1333 1830 ita
1356 1783 1637 1833 nativitatis
1662 1782 1872 1848 qualitas

201 1863 518 1927 intelligetur.
580 1864 612 1912 J
615 1882 693 1912 am
716 1864 959 1913 ediximus
978 1865 1137 1913 Deum
1160 1863 1529 1914 universitatem
1552 1865 1676 1915 hanc
1700 1865 1872 1913 mundi

258 1973 295 2013 3.
323 1966 742 2010 praeminarentur.
800 1964 928 2005 Deut.
962 1964 1050 2003 viii.
1092 1975 1141 2016 19
1158 1977 1169 2012 ;
1210 1963 1266 2004 xi.
1310 1963 1373 2014 16,
1416 1973 1463 2017 17
1480 1979 1491 2015 ;
1532 1966 1680 2007 xxviii.
1722 1975 1769 2017 15
1802 1964 1871 2009 ff.;

204 2026 330 2067 Ezek.
351 2039 394 2067 v.
413 2026 438 2065 8
453 2026 496 2067 ff.

311 2090 604 2134 ingerebant.
659 2089 691 2128 J
694 2088 759 2128 oel
777 2088 821 2128 ii.
840 2089 890 2127 28
904 2088 947 2127 ff.

257 2149 296 2188 6.
317 2152 377 2189 ob
391 2152 666 2197 disciplinae
678 2152 903 2190 auctioris
918 2151 1245 2196 capacitatem:
1267 2150 1340 2188 ‘on
1352 2151 1584 2190 accountof
1589 2150 1664 2191 the
1676 2149 1869 2203 capacity

204 2211 252 2250 of
272 2224 328 2251 an
352 2211 511 2263 ampler
534 2215 692 2263 system
717 2212 764 2251 of
784 2210 1033 2263 teaching';
1061 2211 1126 2251 ia.
1147 2210 1221 2251 the
1244 2212 1400 2263 Gospel
1426 2212 1717 2264 dispensation
1735 2225 1821 2252 was
1843 2225 1870 2251 a

203 2285 318 2311 more
345 2273 553 2312 extended
581 2286 659 2312 one
688 2272 794 2312 than
821 2273 895 2313 the
921 2272 1084 2313 Jewish
1117 2272 1163 2311 in
1192 2272 1290 2312 that
1318 2272 1355 2312 it
1382 2274 1602 2313 embraced
1632 2274 1707 2313 the
1734 2273 1870 2313 whole

205 2334 351 2374 world.

262 2402 297 2447 7.
331 2394 497 2448 [Venit
525 2396 673 2442 igitur
698 2425 709 2435 .
733 2425 743 2434 .
764 2425 774 2434 .
799 2396 956 2434 Filius
987 2393 1116 2446 Dei.]
1172 2393 1307 2434 These
1334 2396 1471 2436 words
1504 2396 1786 2436 are‘omitted
1811 2396 1870 2449 by

204 2456 300 2508 Rig.
314 2455 401 2495 and
420 2456 602 2495 Haverc.

263 2528 325 2557 10.
355 2519 605 2556 deductor:
637 2518 716 2555 ‘an
737 2516 964 2557 attendant
986 2530 1099 2569 upon
1123 2529 1149 2556 a
1173 2515 1412 2570 neophyte‚'
1433 2520 1484 2558 ‘a
1506 2518 1632 2571 guide
1646 2517 1657 2536 '
1670 2532 1682 2568 ;
1711 2519 1798 2558 and
1822 2515 1869 2559 s'o

205 2579 251 2619 of
265 2579 340 2619 the
359 2578 477 2631 Holy
494 2578 640 2630 spirit,
660 2578 713 2617 de
732 2591 872 2618 coron.
892 2590 934 2629 4,
951 2580 962 2600 ‘
975 2578 1191 2618 Deductor
1209 2579 1430 2619 veritatis.'

262 2651 325 2693 14.
354 2644 662 2689 squamatum,
685 2645 768 2680 aut
787 2646 1051 2690 cornutum,
1071 2642 1101 2680 i.
1118 2653 1149 2681 e.
1169 2640 1295 2681 when
1323 2641 1540 2694 assuming
1560 2641 1635 2681 the
1655 2641 1763 2681 form
1782 2642 1828 2682 of
1842 2656 1868 2682 a

204 2706 386 2755 serpent,
406 2715 452 2742 or
469 2703 562 2742 bull
582 2715 629 2741 or
646 2706 762 2754 goat.

312 2767 577 2812 plumatum
608 2769 875 2804 amatorem.
931 2765 1107 2816 Jupiter
1134 2776 1180 2804 as
1209 2778 1235 2804 a
1263 2777 1379 2804 swan
1412 2765 1519 2804 with
1551 2765 1691 2807 Leda:
1730 2779 1867 2818 comp.

205 2826 257 2865 de
275 2829 402 2878 spect.
424 2827 462 2875 8,
489 2828 500 2847 ‘
513 2826 586 2877 qui
604 2826 698 2866 illos
721 2826 957 2878 [Castorem
976 2831 1020 2867 et
1045 2825 1280 2879 Pollucem]
1312 2840 1390 2866 ovo
1418 2826 1552 2867 editos
1580 2827 1788 2868 credendo
1815 2829 1868 2869 de

204 2901 338 2940 cygno
356 2889 468 2928 Jove
486 2900 571 2927 non
590 2886 869 2929 erubescunt.’

263 2949 326 2990 16.
355 2951 575 2989 numina:
606 2950 779 2989 nomina
801 2949 838 2988 is
857 2949 932 2989 the
950 2949 1125 3001 reading
1144 2948 1190 2988 of
1204 2953 1315 2989 most
1334 2949 1457 2989 MSS.

317 3014 375 3051 de
405 3013 726 3058 impudicitia:
757 3011 968 3062 pudicitia
993 3012 1029 3051 is
1047 3008 1260 3064 preferred
1284 3012 1343 3064 by
1361 3024 1474 3052 some
1494 3012 1604 3062 edd„
1624 3013 1709 3053 and
1727 3013 1868 3053 would

206 3086 328 3113 mean
347 3073 418 3112 ‘in
435 3073 582 3113 lawful
603 3070 814 3113 wedlock?

265 3147 328 3187 19.
357 3138 467 3175 Jam
485 3137 734 3174 ediximus.
791 3135 867 3174 Ch.
893 3141 969 3186 17.-

314 3198 674 3236 universitatem
709 3199 830 3237 hanc
860 3199 1073 3236 mundi==
1087 3198 1247 3236 ‘totam
1283 3197 1437 3236 molem
1468 3198 1599 3237 vitam
1628 3211 1724 3238 cum
1751 3199 1867 3239 omni

205 3258 496 3308 instrumento,
516 3258 832 3308 elementorum,
850 3271 1077 3311 corporum,
1099 3256 1351 3312 spirituum,'
1371 3259 1436 3299 ch.
1459 3266 1522 3312 17.
