2124 3554
197 244 294 283 Cu.
311 238 424 292 V11.]
516 229 777 287 adversus
820 229 1013 283 Gentes
1036 238 1144 297 pro
1187 228 1536 285 Christianis.
1798 246 1866 302 29

189 375 512 440 provinciam,
559 379 638 423 et:
700 374 807 423 Hoc
844 374 1036 438 factum
1082 381 1148 421 est
1199 373 1392 421 Romae.
1477 372 1644 432 Fama,
1692 390 1867 422 nomen
1908 366 1924 451 f

193 457 382 517 incerti,
417 456 576 504 locum
611 473 707 504 non
743 456 903 515 habet,
942 455 1027 503 ubi
1062 459 1251 504 certum
1285 459 1374 504 est.
1444 454 1525 502 An
1559 471 1673 504 vero
1710 456 1867 504 famae
1908 453 1910 456 ⁴

193 538 376 598 credat,
423 538 517 586 nisi
558 538 979 587 inconsideratus?
1050 537 1149 598 Qui
1195 541 1268 586 est
1314 537 1520 601 sapiens,
1568 554 1665 585 non
1711 537 1867 587 credit

190 620 394 669 incerto.
473 620 705 680 Omnium
743 620 818 668 est
856 619 1124 679 aestimare,
1162 625 1552 683 quantacumque
1586 619 1675 668 illa
1712 621 1865 669 ambi-

191 702 326 752 tione
374 702 547 750 diffusa
594 703 672 762 sit,
720 707 1110 767 quantacumque
1163 702 1517 751 asseveratione
1570 706 1862 752 constructa.
1882 726 1904 766 5

193 784 339 846 Quod
382 785 444 833 ab
490 802 588 834 uno
632 784 896 848 aliquando
942 783 1165 848 principe
1211 789 1381 833 exorta
1427 783 1505 845 sit,
1550 801 1743 833 necesse
1791 791 1865 834 est

191 867 365 916 exinde
410 866 464 914 in
509 868 737 921 traduces
784 866 1066 930 linguarum
1104 870 1158 915 et
1197 867 1396 915 aurium
1439 873 1614 931 serpat.
1684 868 1752 916 Et
1792 869 1864 917 ita

191 949 366 998 modici
413 949 611 999 seminis
656 949 835 998 vitium
880 953 1040 998 cetera
1085 949 1292 997 rumoris
1336 950 1575 1009 obscurat,
1617 954 1675 998 ut
1722 967 1863 999 nemo

190 1031 440 1096 recogitet,
467 1049 528 1079 ne
556 1032 770 1096 primum
792 1032 921 1079 illud
951 1049 1005 1079 os
1038 1031 1344 1080 mendacium
1380 1032 1706 1090 seminaverit,
1732 1034 1863 1095 quod

191 1131 330 1178 saepe
365 1114 424 1163 fit
458 1118 544 1163 aut
577 1113 770 1178 ingenio
803 1113 1154 1173 aemulationis,
1190 1119 1280 1163 aut
1314 1115 1517 1163 arbitrio
1556 1115 1858 1178 suspicionis,
1881 1140 1931 1168 10

191 1201 278 1245 aut
311 1213 410 1245 non
445 1213 585 1256 nova,
611 1197 698 1245 sed
731 1196 951 1259 ingenita
975 1196 1269 1259 quibusdam
1303 1197 1569 1246 mentiendi
1592 1197 1859 1261 voluptate.

190 1278 324 1327 Bene
372 1283 549 1338 autem,
601 1279 730 1343 quod
776 1278 937 1327 omnia
983 1284 1179 1342 tempus
1225 1280 1410 1328 revelat
1455 1279 1663 1328 testibus
1711 1280 1858 1329 etiam

190 1361 366 1409 vestris
401 1362 671 1425 proverbiis
703 1366 854 1424 atque
889 1361 1163 1421 sententiis,
1188 1379 1250 1410 ex
1285 1362 1602 1425 dispositione
1638 1367 1856 1423 naturae,

190 1460 312 1507 quae
341 1443 413 1491 ita
435 1443 698 1503 ordinavit,
724 1447 783 1491 ut
809 1443 934 1490 nihil
958 1443 1044 1491 diu
1072 1444 1237 1502 lateat,
1263 1445 1411 1492 etiam
1435 1445 1564 1508 quod
1598 1446 1728 1494 fama
1762 1463 1859 1494 non

188 1525 397 1574 distulit.
467 1525 649 1574 Merito
682 1525 840 1589 igitur
875 1526 1005 1574 fama
1029 1526 1219 1574 tamdiu
1245 1527 1434 1575 conscia
1469 1527 1570 1575 sola
1605 1531 1679 1576 est
1716 1528 1858 1576 scele-
1877 1547 1924 1588 15

188 1624 298 1655 rum
329 1606 737 1656 Christianorum.
806 1609 951 1656 Hanc
986 1608 1196 1656 indicem
1229 1609 1462 1658 adversus
1498 1626 1584 1657 nos
1619 1610 1857 1673 profertis,

189 1707 328 1754 quae,
365 1691 496 1754 quod
528 1691 794 1753 aliquando
825 1691 1034 1754 jactavit
1070 1695 1307 1755 tantoque
1341 1692 1574 1756 temporis
1611 1693 1772 1756 spatio
1807 1693 1861 1742 in

187 1772 465 1836 opinionem
489 1773 834 1832 corroboravit,
862 1790 1016 1837 usque
1039 1773 1196 1822 adhuc
1221 1774 1428 1837 probare
1453 1792 1550 1823 non
1574 1776 1747 1824 valuit.

235 1945 278 1984 4.
310 1935 534 1973 Omnium
552 1938 625 1974 est
644 1936 894 1974 aestimare
912 1947 923 1974 ε
954 1935 966 1956 ‘
982 1933 1165 1986 Anyone
1184 1948 1264 1975 can
1281 1934 1411 1987 judge
1430 1935 1518 1975 this
1539 1966 1548 1975 .
1570 1966 1579 1975 .
1606 1966 1617 1976 .
1638 1934 1649 1952 '

293 1998 564 2037 ambitione.
626 1996 704 2036 See
722 2001 836 2045 note,
858 1997 922 2037 ch.
947 1996 985 2035 6.

238 2056 277 2096 6.
308 2060 449 2104 Quod
473 2061 531 2097 ab
554 2071 651 2098 uno
677 2061 934 2106 aliquando
965 2060 1198 2105 principe..
1256 2058 1320 2097 ‘A
1346 2059 1434 2099 tale
1465 2059 1601 2105 which
1629 2059 1706 2100 has
1736 2061 1859 2113 origi-

184 2119 313 2159 nated
332 2133 445 2159 some
463 2121 566 2159 time
585 2134 632 2160 or
652 2120 775 2160 other
793 2121 898 2160 with
917 2135 943 2160 a
962 2121 1098 2172 single
1118 2120 1338 2173 authority
1356 2122 1394 2160 is
1420 2121 1563 2161 bound
1581 2125 1626 2161 to
1645 2121 1860 2163 insinuate

182 2180 304 2220 itself
318 2181 410 2221 into
427 2181 502 2221 the
519 2183 797 2234 propagating
816 2182 1016 2222 channels
1035 2183 1080 2222 of
1093 2186 1271 2234 tongues
1291 2183 1376 2223 and
1396 2195 1487 2223 ears
1503 2181 1514 2200 '
1526 2196 1545 2234 3.
1567 2184 1634 2223 for
1648 2185 1856 2234 traduces,

183 2253 194 2269 ⁴
210 2242 501 2293 transmitting
520 2241 739 2295 agencie&
759 2257 826 2283 see
846 2248 958 2292 note,
982 2243 1046 2283 ch.
1067 2255 1105 2296 9.

241 2311 279 2354 7.
310 2305 378 2343 Et·
391 2306 656 2345 itamodici
676 2307 873 2344 seminis
893 2307 1079 2345 vitium.
1130 2306 1143 2327 ‘
1155 2305 1259 2344 And
1274 2318 1299 2345 a
1314 2305 1410 2345 flaw
1423 2305 1471 2344 in
1486 2305 1560 2345 the
1575 2306 1860 2358 insignificant

183 2377 329 2404 source
347 2378 392 2404 so
412 2366 601 2405 obscures
622 2367 697 2406 the
722 2370 810 2406 rest
834 2366 880 2405 of
900 2367 974 2406 the
999 2371 1145 2418 report
1176 2367 1275 2407 that
1304 2369 1341 2406 it
1365 2380 1495 2406 never
1521 2368 1674 2407 strikes
1697 2382 1859 2422 anyone

182 2425 374 2466 whether
401 2427 474 2466 the
502 2428 595 2467 first
622 2428 704 2479 lips
724 2428 797 2467 did
816 2432 891 2468 not
921 2429 1129 2480 originate
1149 2442 1175 2468 a
1199 2428 1429 2478 falsehood,
1450 2442 1496 2468 as
1523 2429 1640 2468 often
1667 2430 1858 2483 happens

184 2488 321 2528 either
338 2487 446 2528 from
465 2502 491 2528 a
515 2489 676 2541 jealous
704 2490 980 2541 imagination
1000 2504 1047 2529 or
1065 2490 1297 2530 whimsical
1326 2490 1550 2542 suspicion,
1581 2505 1627 2531 or
1647 2492 1755 2531 from
1784 2493 1858 2538 the

183 2563 296 2589 mere
315 2550 410 2589 love
429 2549 474 2589 of
487 2549 621 2602 lying,
642 2551 782 2591 which
800 2551 837 2590 is
863 2552 910 2590 in
937 2565 1051 2591 some
1074 2565 1243 2604 persons
1266 2556 1342 2592 not
1370 2565 1427 2592 an
1455 2552 1759 2605 acquirement,
1778 2555 1858 2595 but

182 2609 358 2652 innate.'

241 2684 302 2712 12.
334 2675 493 2713 omnia
525 2678 712 2721 tempus
750 2677 942 2715 revelat.
1017 2675 1061 2714 A
1097 2675 1368 2715 well-known
1405 2676 1608 2727 proverb3
1655 2677 1744 2717 like
1781 2679 1855 2718 the

182 2734 361 2787 English
385 2739 396 2756 ‘
410 2736 530 2775 Time
549 2736 693 2788 tryeth
712 2734 873 2777 Troth..’
916 2737 1059 2789 Comp.
1083 2737 1157 2777 the
1173 2737 1332 2776 dictum
1348 2737 1394 2776 of
1403 2737 1574 2787 Seneca,
1597 2731 1855 2780 ‘Veritatem

183 2795 271 2836 dies
299 2795 456 2849 aperit’
469 2810 480 2846 ;
510 2798 596 2837 and
626 2798 700 2838 the
733 2799 874 2839 Greek
902 2800 1085 2852 proverb
1117 2797 1263 2848 χρόνος
1290 2797 1450 2838 πάντων
1474 2799 1741 2851 βασανιστής.
1799 2801 1854 2842 So

182 2859 318 2898 Truth
336 2860 370 2899 is
390 2860 628 2900 sometimes
648 2861 807 2912 spoken
827 2860 872 2900 of
890 2874 935 2901 as
953 2861 1028 2901 the
1044 2861 1267 2912 Daughter
1286 2860 1332 2901 of
1345 2861 1475 2901 Time.

239 2928 303 2972 17.
331 2923 384 2960 in
403 2923 693 2973 opinionem,
716 2923 834 2962 ‘into
853 2934 878 2962 a
897 2923 1067 2975 general
1096 2920 1251 2963 belief.'
1290 2922 1606 2964 Demonstratio
1626 2924 1663 2965 is
1684 2925 1853 2965 wanted

180 2985 227 3021 to
244 2986 417 3022 convert
431 2996 576 3023 rumor
595 2984 686 3025 into
692 2984 878 3036 sactum,
899 2988 972 3038 yet
992 2984 1190 3025 iteration
1210 2984 1295 3024 and
1313 2985 1418 3026 time
1429 2985 1538 3026 have
1549 2987 1853 3042 strengthened

183 3056 325 3085 rumor
345 3045 437 3085 into
456 3045 621 3098 opinio..
