2124 3554
752 542 1251 597 APPENDIX.

970 681 1039 728 II.

464 831 638 877 Pmm
676 828 908 878 SEcUNm
929 829 1252 888 Emmumn,
1291 843 1339 876 x.
1379 832 1456 891 96,
1486 840 1563 891 97.

851 961 956 1011 (Ed.
985 960 1154 1010 Weise.)

526 1090 586 1136 G.
610 1089 830 1135 Plinius
867 1087 1104 1143 Traiano
1138 1088 1482 1144 imperatori.

239 1183 522 1234 SOLLEMNE
542 1188 614 1231 est
632 1182 766 1241 mihi,
786 1182 1009 1242 Domine,
1027 1181 1201 1237 omnia,
1221 1182 1281 1230 de
1301 1182 1479 1246 quibus
1499 1182 1684 1241 dubito,
1707 1182 1768 1230 ad
1788 1187 1838 1231 te

171 1261 362 1310 referre.
434 1261 555 1322 Quis
597 1261 728 1309 enim
762 1265 925 1325 potest
964 1261 1138 1309 melius
1174 1262 1252 1309 vel
1288 1260 1648 1309 cunctationem
1684 1277 1839 1309 meam

170 1357 338 1403 regere
355 1340 434 1388 vel
449 1339 779 1402 ignorantiam
804 1340 1080 1388 instruere?
1152 1339 1523 1403 Cognitionibus
1548 1340 1607 1387 de
1627 1338 1838 1387 Christi-

172 1419 277 1467 anis
311 1418 516 1466 interfui
558 1435 839 1482 nunquam:
876 1418 986 1466 ideo
1022 1418 1196 1477 nescio,
1236 1418 1356 1482 quid
1392 1423 1441 1466 et
1478 1422 1719 1481 quatenus
1754 1422 1839 1466 aut

170 1496 339 1562 puniri
374 1497 542 1556 soleat,
579 1502 665 1545 aut
704 1496 885 1560 quaeri.
957 1497 1060 1546 Nec
1102 1496 1411 1545 mediocriter
1447 1496 1668 1556 hesitavi,
1711 1496 1840 1546 sitne

171 1575 370 1639 aliquod
383 1574 650 1623 discrimen
673 1579 904 1634 aetatum,
941 1592 1005 1622 an
1041 1575 1311 1639 quamlibet
1347 1575 1503 1624 teneri
1541 1575 1665 1622 nihil
1701 1592 1730 1622 a
1764 1592 1839 1623 ro-

170 1653 475 1702 bustioribus
509 1653 765 1702 differant:
805 1654 1010 1702 deturne
1045 1654 1374 1717 paenitentiae
1399 1654 1554 1713 venia,
1581 1671 1643 1701 an
1669 1654 1726 1713 ei,
1755 1654 1841 1717 qui

172 1732 367 1780 omnino
393 1731 703 1780 Christianus
732 1733 842 1792 fuit,
875 1733 1071 1781 desiisse
1107 1750 1204 1781 non
1238 1733 1426 1797 prosit:
1463 1749 1637 1780 nomen
1661 1732 1839 1796 ipsum,

171 1811 361 1860 etiamsi
383 1810 584 1874 flagitiis
617 1816 790 1870 careat,
817 1829 879 1860 an
914 1812 1103 1875 flagitia
1138 1812 1443 1860 cohaerentia
1478 1811 1663 1859 nomini
1697 1811 1841 1874 puni—

171 1893 335 1939 antur.
406 1890 613 1938 Interim
647 1891 700 1938 in
734 1891 811 1950 iis,
855 1891 942 1953 qui
977 1892 1040 1939 ad
1074 1908 1151 1940 me
1188 1897 1422 1954 tanquam
1458 1890 1732 1939 Christiani
1759 1891 1840 1938 de-

172 1968 466 2027 ferebantur,
491 1969 620 2016 hunc
645 1986 753 2018 sum
782 1974 975 2018 secutus
1000 1971 1209 2018 modum.
1283 1969 1596 2032 Interrogavi
1610 1970 1755 2033 ipsos,
1778 1987 1841 2016 an

175 2051 334 2094 essent
366 2046 664 2097 Christiani:
703 2049 988 2096 confitentes
1023 2049 1203 2096 iterum
1241 2066 1296 2097 ac
1333 2048 1482 2097 tertio
1524 2048 1838 2111 interrogavi,

174 2124 464 2187 supplicium
486 2125 728 2185 minatus3
764 2132 1130 2189 perseverantes
1163 2127 1276 2174 duci
1301 2126 1438 2190 jussi.
1509 2127 1681 2190 Neque
1711 2126 1839 2174 enim

176 2202 414 2262 dubitavi,
462 2204 794 2267 qualecunque
836 2210 978 2266 esset,
1021 2206 1150 2269 quod
1186 2206 1473 2264 faterentur,
1521 2205 1841 2268 pervicaciam

175 2286 306 2330 certe
331 2285 380 2329 et
403 2282 718 2330 inflexibilem
753 2283 1132 2332 obstinationem
1165 2284 1337 2332 debere
1366 2283 1546 2347 puniri.
1619 2284 1841 2332 Fuerunt

175 2360 263 2408 alii
280 2359 453 2408 similis
472 2362 723 2421 amentiae,
745 2379 878 2425 quoa
910 2362 1026 2425 quia
1050 2362 1178 2411 cives
1201 2362 1406 2410 Romani
1431 2366 1582 2421 erant,
1610 2363 1841 2410 adnotavi

175 2438 228 2485 in
242 2439 412 2486 urbem
427 2439 759 2488 remittendos.
798 2441 915 2488 Mox
938 2441 1043 2503 ipso
1062 2444 1291 2498 tractatu,
1310 2445 1367 2488 ut
1382 2440 1489 2488 fieri
1508 2442 1641 2499 solet,
1661 2441 1838 2488 diffun-

175 2518 321 2565 dente
346 2534 396 2566 se
426 2517 628 2567 crimine
664 2519 830 2582 plures
866 2519 1047 2582 species
1082 2519 1374 2568 inciderunt.
1447 2519 1731 2583 Propositus
1767 2525 1842 2568 est

175 2595 370 2644 libellus
411 2595 514 2644 sine
557 2601 766 2656 auctore,
803 2598 1069 2646 multorum
1100 2597 1300 2646 nomina
1333 2598 1602 2658 continens,
1640 2599 1726 2661 qui
1759 2615 1841 2646 ne-

175 2679 349 2737 garent
374 2691 424 2723 se
456 2691 557 2723 esse
592 2675 899 2725 Christianos
925 2681 1011 2725 aut
1034 2677 1209 2725 fuisse:
1253 2677 1429 2738 Quum,
1456 2681 1723 2740 praeeunte
1747 2694 1837 2736 me,

176 2753 290 2801 deos
319 2754 622 2816 appellarent
646 2759 696 2802 et
718 2755 920 2817 imagini
943 2760 1072 2814 tuae,
1101 2772 1247 2819 quam
1270 2760 1470 2819 propter
1492 2756 1581 2803 hoc
1599 2756 1840 2819 jusseram

175 2849 285 2880 cum
321 2832 593 2880 simulacris
628 2833 884 2881 numinum
919 2833 1096 2893 afferri,
1122 2838 1232 2882 ture
1268 2851 1323 2882 ac
1348 2834 1463 2882 vino
1494 2834 1837 2898 supplicarent,

174 2915 428 2973 praeterea
467 2911 810 2959 maledicerent
853 2912 1081 2973 Christ03
1131 2930 1336 2976 quorum
1376 2913 1502 2960 nihil
1549 2913 1656 2976 cogi
1702 2930 1839 2976 posse

178 2989 411 3037 dicuntur
437 2990 522 3053 qui
547 2994 662 3037 sunt
685 3007 854 3039 revera
880 2990 1164 3050 Christiani,
1191 3009 1278 3055 ego
1303 2991 1618 3040 dimittendos
1651 2993 1850 3055 putavi.·

175 3064 280 3114 Alii
305 3069 365 3116 ab
390 3068 550 3116 indice
575 3069 826 3127 nominati,
851 3086 954 3118 esse
980 3087 1030 3118 se
1057 3070 1358 3118 Christianos
1378 3070 1625 3130 dixerunt,
1652 3075 1702 3119 et
1726 3087 1840 3118 mox

175 3152 507 3208 negaverunt3
544 3147 692 3196 fuisse
730 3148 936 3211 quidem,
965 3149 1050 3197 sed
1085 3149 1292 3208 desiisse,
1321 3149 1518 3213 quidam
1553 3153 1667 3197 ante
1690 3149 1839 3197 trien—

178 3223 326 3286 nium,
374 3226 573 3291 quidam
619 3231 735 3276 ante
777 3227 942 3291 plures
989 3244 1155 3287 annos,
1203 3245 1300 3275 non
1344 3245 1487 3276 nemo
1534 3227 1679 3276 etiam
1726 3231 1838 3275 ante
