2124 3554
192 243 288 282 Cu.
308 235 438 289 XIV]
507 227 768 280 adversus
810 226 1005 279 Gentes
1029 235 1135 294 pro
1179 224 1527 280 Christianis.
1787 235 1852 290 51

834 467 1056 517 CAPUT
1091 467 1223 516 XIV.

263 585 410 634 Nono
436 589 486 633 et
517 576 853 638 ritusvestros
888 599 1167 642 recensere3
1205 598 1302 630 non
1326 581 1434 630 dico
1465 580 1632 645 quales
1667 580 1775 630 sitis
1810 579 1865 628 in

193 667 522 726 sacrificando,
571 685 682 716 cum
727 669 894 716 enecta
940 669 991 714 et
1035 664 1257 713 tabidosa
1298 668 1347 713 et
1388 664 1604 713 scabiosa
1644 679 1864 727 quaeque

194 750 447 810 mactatis3
500 767 610 798 cum
650 750 710 798 de
750 748 924 813 opimis
965 751 1016 796 et
1056 746 1261 811 integris
1304 763 1604 811 supervacua
1646 763 1865 810 quaeque

194 832 448 890 truncatis,
475 832 687 896 capitula
721 836 771 880 et
805 830 1027 894 ungulas,
1052 846 1175 893 quae
1211 829 1342 877 domi
1372 846 1563 893 quoque
1596 829 1763 891 pueris
1786 828 1865 877 vel
1883 842 1906 882 5

196 915 395 964 canibus
430 914 791 974 destinassetis3
828 930 938 962 cum
972 913 1032 960 de
1065 911 1251 960 decima
1275 913 1508 961 Herculis
1543 928 1631 960 nec
1666 911 1866 960 tertiam

195 1001 387 1063 partem
421 996 473 1044 in
508 1014 643 1045 aram
677 999 779 1059 ejus
815 994 1080 1059 imponitis.
1151 994 1321 1043 Laudo
1363 995 1518 1058 magis
1560 993 1864 1057 sapientiam,

198 1081 328 1144 quod
351 1080 410 1128 de
434 1080 625 1143 perdito
649 1077 837 1143 aliquid
860 1077 1067 1141 eripitis.

268 1162 365 1212 Sed
397 1179 654 1210 conversus
686 1161 747 1209 ad
777 1161 971 1210 litteras
993 1163 1196 1220 vestras,
1223 1161 1402 1224 quibus
1435 1158 1768 1209 informamini
1802 1159 1866 1207 ad

196 1244 507 1309 prudentiam
541 1249 590 1292 et
624 1243 687 1292 ad
719 1242 940 1291 liberalia
976 1242 1144 1302 officia,
1170 1248 1356 1306 quanta
1388 1243 1585 1292 invenio
1622 1242 1863 1290 ludibria!
1886 1256 1936 1283 10

200 1328 313 1376 deos
348 1326 480 1375 inter
515 1343 564 1375 se
598 1330 801 1390 propter
835 1325 1069 1387 Trojanos
1106 1328 1157 1373 et
1190 1324 1406 1374 Achivos
1442 1330 1501 1374 ut
1541 1325 1866 1389 gladiatorum

198 1410 339 1473 paria
362 1425 639 1471 congressos
662 1408 960 1471 depugnasse
975 1423 988 1467 3
1024 1407 1263 1455 Venerem
1291 1407 1504 1456 humana
1538 1408 1721 1472 sagitta
1756 1425 1866 1457 sau-

199 1492 389 1548 ciatam,
407 1491 536 1554 quod
557 1490 712 1538 filium
730 1506 871 1537 suum
888 1486 1089 1538 Aenean
1103 1507 1255 1553 paene
1279 1491 1592 1539 interfectum
1614 1491 1676 1539 ab
1701 1490 1868 1538 eodem

201 1574 436 1622 Diomede
469 1589 637 1636 rapere
665 1573 847 1633 vellet3
884 1572 1095 1620 Martem
1129 1573 1366 1621 tredecim
1399 1573 1647 1622 mensibus
1682 1572 1735 1620 in
1765 1573 1865 1621 vin-

199 1655 323 1706 culis
349 1662 508 1719 paene
544 1659 918 1718 consumptum3
954 1655 986 1702 J
990 1672 1142 1715 ovem,
1168 1673 1228 1703 ne
1264 1656 1479 1704 eamdem
1500 1656 1604 1704 vim
1633 1673 1662 1704 a
1694 1656 1869 1704 ceteris
1889 1671 1935 1712 15

199 1738 454 1788 caelitibus
478 1737 794 1802 experiretur,
821 1754 967 1800 opera
991 1738 1241 1800 cujusdam
1275 1738 1480 1787 monstri
1514 1739 1791 1797 liberatum,
1819 1743 1869 1786 et

200 1838 330 1870 nunc
369 1821 565 1868 flentem
606 1818 896 1883 Sarpedonis
938 1836 1116 1879 casum,
1157 1837 1288 1868 nunc
1334 1813 1499 1891 foedes*
1515 1822 1770 1869 subantem
1816 1821 1870 1868 in

202 1920 409 1953 sororem
434 1904 523 1951 sub
547 1901 1001 1951 commemoratione
1033 1920 1130 1951 non
1163 1903 1235 1952 ita
1260 1903 1548 1952 dilectarum
1577 1903 1870 1967 jampridem

203 1985 495 2035 amicarum!
565 1984 759 2033 Exinde
783 1983 891 2047 quis
923 2001 1019 2032 non
1051 1989 1197 2048 poeta
1220 2002 1280 2032 ex
1303 1986 1596 2034 auctoritate
1631 1985 1870 2049 principis

203 2069 280 2118 sui
311 2068 622 2116 dedecorator
654 2065 904 2114 invenitur
934 2067 1165 2116 deorum?
1237 2068 1336 2115 Hic
1359 2068 1638 2132 Apollinem
1661 2067 1870 2115 Admeto
1889 2086 1940 2113 20

204 2149 309 2213 regi
347 2149 600 2214 pascendis
645 2148 901 2213 pecoribus
947 2148 1145 2208 addicit,
1186 2149 1270 2198 ille
1311 2148 1537 2213 Neptuni
1583 2150 1870 2198 structorias

205 2249 375 2295 operas
398 2231 714 2279 Laomedonti
748 2231 889 2279 locat.
960 2231 1054 2279 Est
1081 2237 1130 2279 et
1162 2231 1260 2279 illis
1295 2232 1354 2279 de
1389 2231 1556 2295 lyricis
1582 2230 1873 2297 (Pindarum

207 2312 349 2379 dico),
371 2313 455 2376 qui
474 2312 822 2375 Aesculapium
846 2313 979 2361 canit
998 2313 1234 2361 avaritiae
1256 2313 1442 2373 merito,
1462 2331 1559 2377 qua
1582 2314 1874 2363 medicinam

208 2400 434 2459 nocenter
468 2396 736 2455 exercebat,
769 2395 971 2443 fulmine
1005 2395 1320 2444 vindicatum.
1390 2396 1552 2446 Malus
1568 2463 1571 2467 ἱ
1586 2397 1803 2462 Jupiter,
1831 2398 1872 2446 si

266 2583 302 2610 2.
331 2571 457 2609 Nolo
477 2572 524 2608 et
543 2571 679 2608 ritus.
733 2568 811 2608 All
833 2568 907 2608 the
927 2568 1052 2609 MSS.
1071 2568 1150 2609 but
1170 2583 1249 2609 one
1266 2570 1369 2610 read
1389 2571 1494 2611 Volo
1513 2571 1636 2618 here3
1664 2572 1744 2614 but
1757 2572 1873 2614 Nolo

209 2644 342 2672 seems
359 2630 556 2682 required
574 2631 632 2683 by
651 2630 725 2670 the
744 2634 926 2679 context,
949 2631 1034 2670 and
1054 2631 1090 2670 is
1110 2631 1291 2683 adopted
1309 2633 1367 2685 by
1384 2637 1495 2673 most
1513 2634 1607 2674 edd.

268 2705 331 2746 19.
359 2694 590 2739 principis
620 2693 708 2731 sui.
766 2692 941 2733 Homer.
998 2692 1088 2732 The
1110 2705 1305 2746 passages
1333 2694 1507 2734 alluded
1533 2699 1579 2735 to
1607 2696 1653 2735 in
1680 2697 1754 2737 the
1782 2711 1873 2750 pre-

209 2754 359 2806 ceding
379 2758 594 2793 sentences
612 2754 701 2793 will
719 2753 773 2793 be
791 2753 937 2804 found,
957 2753 1071 2793 Iliad
1095 2768 1162 2797 ΣΧ.
1184 2754 1264 2805 66;
1292 2770 1332 2797 v.
1355 2766 1448 2808 334,
1470 2758 1574 2809 3853
1603 2758 1632 2798 i.
1652 2770 1729 2811 401
1746 2773 1758 2810 3
1786 2761 1874 2802 xvi.

209 2826 329 2977 43310’.
345 2826 741 2924 xgi-cffi‘gofflnem
759 2906 770 2916 .
788 2907 798 2918 .
820 2907 830 2917 .
849 2879 930 2917 ille
950 2880 1176 2925 Neptuni.
1216 2879 1361 2932 Eurip.
1381 2881 1537 2922 Alces-t.
1557 2882 1660 2934 prol.
1675 2896 1687 2934 ;
1703 2882 1874 2926 Trwd.

209 2952 284 2990 pro
301 2968 313 2978 .

267 3010 333 3040 21.
364 3003 667 3041 structorias:
697 3003 710 3022 ‘
723 2976 1067 3050 architectural'3
1097 3015 1122 3041 a
1141 2999 1244 3048 ἅπαξ
1261 3007 1354 3055 λεγ.

269 3073 332 3101 22.
362 3064 634 3103 Pindarum.
690 3062 818 3115 Pyth.
836 3063 894 3102 iii.
915 3062 994 3115 563
1022 3077 1155 3116 comp.
1174 3065 1388 3119 Athenag.
1411 3079 1476 3120 29.

270 3134 334 3173 24.
363 3126 561 3164 fulmine
579 3126 888 3165 vindicatum.
924 3124 960 3164 J
958 3125 1180 3165 udieatum
1197 3127 1234 3166 is
1258 3141 1284 3167 a
1302 3129 1536 3180 preferable
1553 3131 1739 3185 reading.
1786 3133 1834 3173 N
1834 3148 1874 3173 ο-

215 3187 349 3224 center
367 3185 404 3225 is
423 3187 667 3238 equivalent
686 3191 733 3226 to
761 3186 957 3227 adversus
979 3187 1015 3227 J
1014 3190 1101 3228 ovis
1127 3189 1399 3241 voluntatem,
1418 3193 1697 3247 Aesculapius
1716 3195 1875 3247 having

216 3244 344 3285 dated
363 3251 409 3287 to
425 3251 583 3288 restore
600 3247 675 3288 the
695 3248 802 3288 dead
820 3252 866 3289 to
883 3248 982 3298 life;
1011 3262 1079 3290 see
1098 3250 1162 3291 ch.
1185 3261 1248 3303 23.

1027 3328 1111 3361 ΕΖ
