2124 3554
140 205 371 259 effluxu]
480 197 742 251 adversus
784 198 977 250 Gentes
1001 207 1107 265 pro
1151 197 1500 251 Christianis.
1698 208 1798 263 125

139 341 181 389 si
221 341 406 390 caelum
448 341 602 400 stetit,
643 341 684 390 si
724 346 856 390 terra
899 340 1063 399 movit,
1109 339 1149 387 si
1187 341 1349 400 fames,
1396 339 1437 388 si
1473 340 1591 399 lues,
1633 340 1801 389 statim

141 423 607 473 CHRISTIANOS
642 422 736 470 AD
773 421 955 471 LEON
958 421 1068 470 EM.
1138 421 1320 469 Tantos
1344 423 1406 470 ad
1429 423 1617 470 unum?

207 501 308 549 Oro
349 518 448 561 vos,
493 507 606 550 ante
643 500 907 558 Tiberium,
943 499 996 547 id
1034 505 1108 548 est
1148 504 1260 548 ante
1297 500 1487 548 Christi
1523 501 1799 558 adventum,

137 589 345 646 quantae
370 584 527 631 clades
549 584 712 638 orbem
730 576 779 631 et
798 583 966 630 urbem
991 582 1303 630 ceciderunt‘l
1351 583 1580 645 Legimus
1599 583 1802 641 Hieran,

135 665 378 729 Anaphen
410 670 460 714 et
485 666 642 713 Delon
670 669 720 713 et
743 665 952 713 Rhodon
976 671 1024 712 et
1050 664 1118 712 Co
1142 664 1327 712 insulas
1351 665 1520 713 multis
1544 682 1655 713 cum
1679 665 1804 712 mili·
1820 679 1843 718 5

135 748 226 796 bus
260 747 511 801 hominum
546 764 737 811 pessum
772 747 962 795 abiisse.
1034 747 1273 795 Memorat
1308 752 1357 795 et
1396 748 1537 795 Plato
1573 750 1803 809 majorem

135 829 281 878 Asiae
318 836 368 879 et
408 829 602 879 Africae
643 836 826 878 terram
866 828 1116 877 Atlantico
1154 829 1278 876 mari
1321 835 1549 892 ereptam.
1621 830 1717 878 Sed
1754 836 1802 877 et

134 928 267 960 mare
293 911 598 961 Corinthium
628 917 787 960 terrae
823 916 980 959 motus
1004 911 1172 970 ebibit,
1197 916 1246 959 et
1271 912 1345 960 vis
1373 913 1615 960 undarum
1648 913 1802 962 Luca-

134 995 268 1043 niam
303 995 478 1043 Italiae
513 994 774 1046 abscissam
811 993 863 1040 in
899 993 1094 1043 Siciliae
1129 1011 1305 1042 nomen
1340 995 1594 1057 relegavit.
1667 996 1801 1042 Haec

135 1078 305 1140 utique
329 1095 426 1126 non
451 1077 553 1126 sine
578 1077 754 1140 injuria
778 1077 1094 1125 incolentium
1122 1077 1337 1125 accidere
1362 1084 1639 1141 potuerunt.
1700 1079 1801 1126 Ubi
1820 1094 1872 1124 10

134 1177 248 1209 vero
272 1165 406 1219 tunc,
431 1177 526 1207 non
550 1159 707 1207 dicam
731 1160 931 1207 deorum
955 1163 1229 1207 vestrorum
1254 1164 1611 1223 contemptores
1638 1159 1802 1207 Chris-

134 1242 273 1300 tiani,
316 1241 400 1291 sed
447 1241 541 1304 ipsi
585 1241 656 1289 dii
702 1241 866 1300 vestri,
913 1258 1022 1289 cum
1069 1245 1228 1290 totum
1276 1242 1439 1289 orbem
1486 1243 1803 1304 cataclysmus

134 1323 361 1383 abolevit,
376 1324 454 1372 vel
478 1329 534 1372 ut
557 1324 696 1372 Plato
713 1323 920 1387 putavit,
941 1328 1208 1387 campestre
1227 1324 1525 1372 solummodo
1543 1327 1560 1372 ‘l
1614 1325 1801 1374 Poster-

134 1406 260 1454 iores
295 1406 423 1454 enim
459 1407 569 1455 illos
611 1406 746 1454 clade
785 1405 959 1454 diluvii
1000 1411 1338 1454 contestantur
1379 1406 1511 1470 ipsae
1553 1408 1708 1466 urbes,
1748 1408 1801 1454 in

134 1489 311 1552 quibus
342 1489 449 1537 nati
481 1488 756 1552 mortuique
779 1495 910 1548 sunt,
937 1488 1084 1536 etiam
1108 1505 1228 1551 quas
1260 1489 1608 1549 condiderunt3
1645 1507 1800 1553 neque
1820 1513 1869 1553 15

134 1570 265 1619 enim
299 1571 417 1621 alias
451 1572 503 1618 in
539 1571 827 1619 hodiernum
861 1575 1124 1628 manerent,
1162 1571 1257 1618 nisi
1292 1575 1342 1619 et
1383 1570 1514 1634 ipsae
1551 1577 1800 1634 postumae

133 1652 284 1702 cladis
316 1653 462 1701 illius.
533 1653 767 1701 Nondum
790 1654 1034 1701 Judaeum
1064 1653 1125 1700 ab
1149 1652 1372 1717 Aegypto
1403 1670 1602 1701 examen
1635 1654 1799 1702 Palae-

131 1734 260 1783 stina
288 1739 579 1798 susceperat,
604 1752 692 1783 nec
723 1738 824 1798 jam
854 1734 955 1782 illic
988 1734 1290 1784 Christianae
1328 1740 1486 1783 sectae
1518 1736 1654 1799 origo
1687 1753 1800 1784 con-

131 1817 338 1876 sederat,
385 1835 535 1880 quum
582 1817 802 1880 regiones
849 1818 1014 1865 affines
1061 1820 1166 1880 ejus
1215 1818 1422 1866 Sodoma
1470 1821 1519 1866 et
1567 1819 1800 1867 Gomorra

130 1899 300 1962 igneus
334 1900 489 1948 imber
522 1900 719 1948 exussit.
791 1899 907 1948 Olet
939 1900 1100 1948 adhuc
1134 1900 1358 1949 incendio
1390 1906 1534 1958 terra,
1565 1905 1614 1949 et
1637 1901 1680 1950 si
1704 1919 1799 1965 qua
1818 1923 1868 1951 20

131 1980 232 2028 illic
262 1981 490 2029 arborum
520 1998 663 2045 poma
687 1988 938 2041 conantur,
966 1982 1118 2030 oculis
1142 1986 1299 2042 tenus,
1327 1987 1543 2030 ceterum
1575 1988 1798 2032 contacta

132 2062 447 2111 cinerescunt.
519 2063 614 2112 Sed
649 2081 735 2112 nec
764 2064 938 2112 Tuscia
967 2066 1070 2126 jam
1105 2068 1222 2112 tunc
1257 2069 1404 2127 atque
1439 2065 1705 2128 Campania
1737 2067 1795 2114 de

133 2144 425 2193 Christianis
449 2146 757 2208 querebatur,
783 2163 934 2209 quum
959 2146 1208 2195 Volsinios
1233 2147 1291 2194 de
1317 2147 1460 2205 caelo,
1487 2148 1712 2210 Tarpeios
1737 2149 1795 2196 de

191 2250 226 2280 1.
256 2242 298 2278 si
327 2242 509 2280 eaelum
537 2243 697 2280 stetit:
727 2242 758 2281 i.
774 2254 809 2281 e.
840 2243 851 2262 ‘
869 2241 906 2280 if
930 2241 1051 2281 there
1084 2243 1118 2281 is
1147 2255 1202 2281 no
1232 2241 1372 2291 rain’;
1401 2245 1524 2282 stetit
1555 2244 1682 2295 being
1712 2257 1794 2283 em-

131 2300 285 2352 ployed
304 2300 404 2341 here
433 2315 479 2342 as
507 2301 582 2341 the
611 2306 731 2342 exact
759 2303 983 2343 antithesis
1012 2303 1058 2342 of
1081 2305 1218 2343 movit.
1277 2304 1416 2356 Comp.
1440 2306 1621 2357 August.
1643 2306 1696 2345 de
1714 2307 1789 2345 civ.

131 2362 216 2402 Dei
234 2363 278 2409 ii.
300 2374 337 2413 3.

188 2437 224 2465 2.
257 2427 549 2466 Christianos
575 2429 634 2466 ad
658 2428 869 2466 leonem:
916 2439 1048 2478 comp.
1084 2426 1147 2466 ch.
1190 2438 1264 2477 123
1306 2428 1358 2467 de
1386 2428 1570 2481 pudic-it.
1607 2440 1683 2477 223
1710 2430 1794 2469 and

130 2490 242 2534 note,
260 2486 323 2527 ch.
345 2499 383 2538 9.

185 2560 224 2599 4.
255 2551 443 2588 urbem:
473 2548 503 2588 i.
520 2561 553 2587 e.
574 2548 718 2588 Rome.
776 2550 920 2601 Comp.
940 2549 1105 2589 Lucret.
1127 2550 1183 2590 vi.
1208 2552 1284 2602 585
1298 2550 1342 2590 ff.

241 2612 463 2658 Legimus
493 2613 685 2659 Hieran,
715 2613 962 2658 Anaphen.
1020 2611 1132 2651 Plin.
1154 2612 1214 2652 N.
1235 2613 1294 2653 H.
1316 2613 1362 2653 ii.
1384 2614 1435 2664 87
1455 2626 1464 2660 ;
1496 2614 1634 2653 Amm.
1655 2614 1790 2655 Marc.

129 2672 229 2712 xvii.
265 2679 302 2723 7.
360 2671 564 2711 Volcanic
596 2672 755 2712 islands
793 2673 839 2711 in
869 2673 942 2712 the
972 2674 1128 2713 Cretan
1158 2687 1240 2713 sea.
1301 2675 1384 2713 For
1416 2674 1489 2714 the
1526 2676 1645 2715 other
1681 2681 1791 2716 cata-

131 2735 320 2787 strophes
343 2735 587 2774 mentioned
606 2747 674 2775 see
694 2735 807 2776 Plin.
833 2736 875 2775 ii.
897 2747 963 2789 90,
984 2748 1064 2788 94;
1093 2736 1151 2775 iii.
1174 2737 1197 2776 8
1215 2751 1229 2783 ς
1256 2737 1368 2777 Plat.
1394 2737 1501 2777 Tim.
1523 2737 1573 2787 6;
1600 2740 1713 2780 Tert.
1735 2742 1793 2780 ad

130 2796 177 2836 N
178 2801 234 2836 at.
253 2797 280 2836 i.
302 2809 340 2848 9.

188 2870 250 2899 20.
281 2863 328 2898 et
345 2860 388 2897 si
407 2871 499 2904 qua
517 2860 618 2898 illic
638 2861 854 2899 arborem
872 2873 1012 2906 poma
1028 2875 1037 2899 z
1071 2863 1082 2881 ‘
1097 2861 1181 2900 and
1196 2861 1234 2900 if
1249 2875 1334 2913 any
1347 2865 1457 2901 trees
1472 2861 1591 2901 there
1611 2866 1791 2915 attempt

129 2925 175 2959 to
193 2920 294 2960 bear
312 2919 430 2965 fruit,
451 2920 487 2959 it
505 2921 541 2959 is
565 2920 629 2959 for
648 2920 723 2959 the
742 2934 818 2972 eye
838 2921 939 2973 only
955 2935 965 2966 ;
995 2923 1107 2962 since
1126 2923 1162 2962 it
1181 2924 1387 2964 crumbles
1408 2927 1452 2963 to
1465 2924 1585 2964 ashes
1598 2938 1652 2963 on
1666 2926 1791 2977 being

129 2980 335 3022 touched?
392 2981 482 3021 The
500 2985 592 3021 text
610 2982 646 3021 is
666 2984 898 3023 uncertain.
955 2984 1021 3024 On
1039 2984 1113 3024 the
1133 2985 1256 3024 Dead
1276 2986 1355 3025 Sea
1373 2986 1489 3031 fruit,
1509 2999 1556 3025 or
1575 2986 1735 3038 Apples
1750 2987 1795 3026 of

129 3042 294 3092 Sodom,
316 3057 383 3083 see
402 3043 534 3083 Tacit.
557 3043 672 3083 Hist.
694 3058 735 3084 v.
759 3052 781 3095 7
799 3057 812 3094 3
839 3045 948 3084 Plin.
971 3060 1012 3085 v.
1038 3045 1110 3095 16;
1138 3048 1170 3087 J
1173 3046 1312 3099 oseph.
1335 3046 1447 3087 Bell.
1467 3047 1571 3087 Jud.
1592 3048 1648 3087 iv.
1671 3050 1708 3089 8.
1730 3060 1768 3100 4.

188 3115 249 3154 23.
278 3107 534 3145 Volsinios.
590 3105 700 3151 Plin.
727 3106 782 3145 N.
802 3106 861 3147 H.
882 3107 924 3147 ii.
948 3119 1011 3157 52,
1037 3118 1100 3158 53.

239 3167 493 3212 Tarpeios:
524 3179 569 3206 so
596 3167 656 3205 ad
685 3167 792 3206 Nat.
822 3168 850 3208 i.
880 3181 933 3220 93
962 3169 1086 3210 MSS.
1115 3169 1392 3223 ‘Pompeios‚’
1419 3172 1695 3224 erroneously,
1726 3172 1789 3211 for

130 3225 317 3279 Pompeii
336 3240 421 3267 was
439 3228 587 3269 buried
608 3239 648 3269 A.
665 3238 706 3268 D.
733 3237 793 3281 79.
855 3231 921 3270 On
941 3234 1152 3277 perfudit
1171 3245 1239 3272 see
1259 3237 1372 3278 note,
1392 3232 1455 3273 ch.
1482 3244 1516 3273 1.
