2124 3554
196 242 266 305 48
665 241 1001 295 Tertulliani
1033 240 1085 293 Α
1080 240 1412 310 pologetz’cus
1624 246 1744 300 [CAP.
1761 252 1882 291 xm.

196 384 318 436 certi
343 402 510 435 sumus
535 386 732 435 omnino
764 404 861 436 non
891 387 1027 435 esse?
1097 385 1243 448 Quod
1277 402 1377 434 non
1411 387 1497 444 est,
1523 385 1652 434 nihil
1685 386 1748 434 ab
1783 385 1883 434 ullo

195 470 402 535 patitur,
430 469 546 535 quia
570 488 668 519 non
693 475 781 519 est.

833 709 1064 760 CAPUT
1101 709 1248 758 XIII.

264 844 371 894 SED
396 842 535 893 nobis
560 841 630 891 dii
667 847 795 902 sunt,
821 840 1041 907 inquitis.
1112 842 1181 890 Et
1205 842 1449 906 quomodo
1473 860 1560 892 vos
1585 860 1610 891 e
1635 843 1880 892 contrario

155 941 177 983 5
194 926 334 993 impii
360 933 410 977 et
435 926 656 990 sacrilegi
686 932 735 975 et
766 926 1030 990 irreligiosi
1059 943 1177 989 erga
1203 926 1318 974 deos
1341 932 1530 975 vestros
1559 925 1881 991 deprehendi-

194 1011 333 1073 mini,
372 1011 459 1076 qui
507 1027 629 1074 quos
674 1009 986 1074 praesumitis
1028 1026 1141 1069 esse,
1182 1009 1463 1073 negligatis,
1510 1027 1631 1074 quos
1677 1009 1879 1070 timetis,

194 1095 475 1155 destruatis,
519 1111 642 1158 quos
679 1093 827 1143 etiam
868 1092 1145 1151 vindicatis,
1184 1093 1443 1142 illudatisz
1515 1092 1879 1158 Recognoscite,

194 1180 237 1228 si
278 1180 502 1228 mentiar.
574 1178 738 1226 Primo
787 1177 1000 1241 quidem,
1040 1194 1151 1224 cum
1192 1176 1280 1225 alii
1321 1177 1444 1225 alios
1487 1176 1661 1235 colitis,
1703 1177 1879 1240 utique

195 1280 315 1327 quos
334 1280 431 1311 non
450 1260 623 1320 colitis,
645 1258 905 1309 offenditis.
965 1258 1207 1308 Praelatio
1232 1257 1432 1308 alterius
1457 1250 1559 1308 sine
1584 1259 1882 1308 contumelia

129 1366 181 1394 10
195 1347 400 1396 alterius
441 1363 541 1394 non
581 1349 745 1410 potest
779 1343 1053 1408 procedere,
1089 1342 1206 1406 quia
1241 1360 1328 1391 nec
1366 1343 1540 1391 electio
1577 1342 1681 1392 sine
1716 1360 1882 1407 repro-

193 1429 407 1480 batione.
478 1430 510 1477 J
514 1447 593 1478 am
621 1445 736 1492 ergo
762 1425 1073 1476 contemnitis
1098 1444 1218 1490 quos
1246 1427 1533 1491 reprobatis,
1559 1443 1680 1490 quos
1714 1430 1882 1491 repro*-

193 1513 355 1562 bando
380 1512 622 1561 offendere
646 1528 745 1559 non
769 1509 973 1560 timetis.
1043 1511 1174 1558 Nam
1207 1514 1266 1558 ut
1302 1528 1447 1574 supra
1482 1509 1876 1574 perstrinximus,

195 1600 351 1645 status
376 1595 455 1643 dei
480 1597 717 1659 cujusque
740 1594 792 1642 in
816 1597 1015 1644 senatus
1039 1593 1378 1642 aestimatione
1407 1594 1664 1657 pendebat.
1742 1592 1880 1641 Deus

194 1697 292 1733 non
329 1683 451 1738 erat,
490 1695 634 1742 quem
670 1677 814 1725 homo
852 1675 1107 1726 consultus
1143 1676 1380 1725 noluisset
1416 1682 1465 1724 et
1500 1659 1707 1725 nolendo
1743 1676 1880 1724 dam-

128 1783 176 1825 15
195 1766 374 1813 nasset.
464 1761 776 1810 Domesticos
834 1761 964 1820 deos,
1013 1777 1135 1824 quos
1192 1760 1319 1808 lares
1379 1758 1560 1819 dicitis,
1614 1759 1880 1808 domestica.

193 1850 440 1910 potestate
475 1845 702 1893 tractatis
743 1844 1062 1908 pignerando,
1099 1843 1416 1902 venditando,
1455 1843 1750 1891 demutando
1790 1843 1881 1892 ali-

193 1929 390 1994 quando
426 1928 478 1976 in
510 1928 794 1976 cacabulum
831 1927 891 1975 de
932 1927 1157 1986 Saturno,
1193 1926 1456 1990 aliquando
1491 1925 1543 1973 in
1579 1926 1782 1974 trullam
1817 1926 1878 1976 de

193 2012 433 2070 Minerva,
457 2017 515 2061 ut
550 2011 760 2076 quisque
797 2010 1041 2059 contritus
1076 2014 1224 2073 atque
1259 2015 1491 2059 contusus
1526 2014 1614 2069 est,
1641 2010 1757 2058 dum
1792 2009 1882 2058 diu

193 2097 388 2155 colitur,
413 2099 471 2144 ut
507 2094 714 2159 quisque
750 2093 973 2142 dominus
1010 2093 1298 2141 sanctiorem
1334 2097 1564 2156 expertus
1597 2095 1672 2141 est
1696 2092 1879 2141 domes-

128 2196 179 2224 20
192 2180 345 2229 ticam
384 2177 738 2227 necessitatem.
808 2176 1036 2224 Publicos
1073 2192 1225 2239 aeque
1265 2175 1463 2239 publico
1499 2178 1614 2238 jure
1654 2173 1876 2234 foedatis,

193 2281 315 2328 quos
363 2262 417 2310 in
462 2261 680 2310 hastario
726 2259 993 2324 vectigales
1039 2257 1247 2308 habetis.
1320 2257 1401 2307 Sic
1449 2257 1766 2328 Capitolium,
1810 2258 1880 2306 sic

247 2440 287 2480 4.
321 2429 417 2467 Sed
434 2428 576 2467 nobis
597 2427 666 2464 dii
686 2428 812 2465 sunt.
867 2423 1108 2464 Tertullian
1121 2435 1308 2462 resumes
1327 2421 1395 2463 his
1409 2422 1720 2463 consideration
1740 2422 1788 2462 of
1803 2421 1879 2463 the

192 2491 285 2531 first
304 2489 493 2530 heathen
512 2489 608 2541 plea
629 2488 747 2528 dealt
766 2486 875 2527 with
894 2487 941 2526 in
959 2486 1023 2526 ch.
1045 2497 1108 2525 10.

252 2565 317 2594 12.
346 2557 401 2592 ut
422 2564 564 2598 supra
583 2552 963 2597 perstrinximus.
1022 2548 1101 2589 Ch.
1122 2559 1160 2599 5.

252 2623 317 2667 17.
346 2617 400 2654 in
428 2617 637 2662 trullam,
660 2614 780 2653 ‘into
808 2626 834 2652 a
861 2609 1066 2664 fire-pan'
1082 2624 1093 2660 ;
1122 2611 1235 2663 Livy
1251 2609 1411 2651 xxxvii.
1435 2620 1500 2651 11.
1525 2621 1587 2661 13,
1611 2623 1657 2650 so
1682 2622 1777 2650 unes
1800 2608 1877 2649 the

191 2678 309 2718 word
328 2692 338 2726 ;
367 2677 446 2717 but
464 2678 510 2716 in
528 2678 558 2717 J
564 2690 686 2716 uven.
708 2676 771 2716 iii.
795 2676 888 2724 108,
910 2674 1098 2714 trulla=
1111 2673 1331 2722 trulleum,
1353 2677 1363 2694 ⁶
1380 2686 1406 2711 a
1425 2670 1711 2713 wash-basinss

251 2750 315 2792 19.
344 2743 399 2779 ut
418 2741 620 2786 quisque
645 2739 881 2785 dominus,
903 2738 1008 2776 etc-‚2
1038 2738 1050 2758 ‘
1065 2748 1111 2775 as
1132 2735 1235 2775 each
1254 2738 1412 2774 master
1440 2735 1517 2775 has
1546 2733 1679 2774 found
1705 2733 1772 2772 his
1802 2732 1873 2772 do-

190 2802 340 2842 mestic
359 2801 569 2853 necessity
587 2814 703 2840 more
723 2799 870 2840 sacred
883 2796 894 2815 ⁹
914 2812 924 2844 ;
954 2798 984 2840 i.
1001 2811 1036 2839 e.
1068 2798 1247 2849 religion
1266 2810 1353 2837 was
1382 2797 1506 2836 made
1528 2800 1575 2836 to
1599 2796 1698 2848 give
1715 2808 1812 2847 way
1830 2799 1876 2835 to

192 2864 396 2904 domestic
415 2863 604 2903 comfort.
662 2863 747 2903 For
765 2863 959 2902 dominus
979 2860 1080 2901 Cod.
1103 2859 1226 2900 Fuld.
1247 2859 1372 2899 reads
1391 2859 1524 2899 deum.

250 2937 314 2967 21.
345 2928 568 2973 hastario,
605 2927 616 2946 ‘
633 2938 690 2964 an
729 2923 1143 2975 auction-catalogue
1156 2920 1167 2938 '
1185 2935 1195 2971 ;
1235 2922 1478 2962 hastarium
1505 2932 1591 2959 was
1623 2917 1699 2958 the
1730 2917 1804 2957 list
1832 2919 1880 2958 of

190 3001 395 3028 revenues
417 2987 683 3038 (veetiqazia)
706 2986 846 3027 which
869 2999 981 3025 were
1009 2989 1087 3037 put
1116 2998 1172 3036 up
1200 2985 1265 3024 for
1293 2983 1465 3023 auction
1494 2995 1622 3034 every
1640 2981 1723 3020 five
1750 2994 1873 3034 years

191 3049 277 3089 and
297 3049 503 3090 tendered
522 3049 587 3088 for
606 3050 664 3102 by
682 3049 757 3088 the
777 3050 1060 3092 contractors;
1090 3059 1223 3097 comp.
1246 3046 1305 3085 ad
1323 3044 1429 3084 Nat.
1451 3044 1479 3083 i.
1504 3054 1568 3083 10.

320 3113 625 3158 Capitolium.
683 3111 773 3150 The
793 3110 1005 3150 existence
1034 3107 1081 3148 of
1104 3122 1129 3148 a
1157 3107 1327 3159 Capitol
1356 3110 1402 3145 at
1431 3105 1643 3157 Carthage
1661 3104 1738 3144 has
1766 3104 1874 3144 been

190 3174 349 3227 proved
367 3175 426 3227 by
445 3173 520 3213 the
539 3173 761 3226 discovery
781 3172 828 3212 of
842 3186 899 3212 an
917 3170 1167 3223 inscription
1186 3169 1326 3209 which
1344 3169 1381 3208 is
1400 3168 1529 3220 given
1549 3167 1597 3206 in
1615 3167 1871 3215 Wilmanns,

192 3238 400 3288 Inscript.
433 3235 582 3286 Afric.
605 3235 721 3282 Lat„
759 3235 805 3276 Ο.
827 3234 866 3274 Ι.
887 3234 937 3275 L.
968 3233 1058 3273 viii.
1094 3243 1198 3282 1013
1215 3244 1225 3280 ;
1265 3244 1334 3271 see
1367 3234 1437 3270 too
1466 3230 1556 3269 viii.
1590 3240 1711 3281 1141,
1749 3229 1869 3279 2388.

192 3301 337 3353 Comp.
358 3298 410 3338 de
428 3300 558 3351 spect.
580 3299 618 3348 8,
640 3297 725 3337 and
743 3297 807 3337 for
826 3296 900 3337 the
919 3295 1158 3348 Capitoline
1177 3293 1292 3335 triad
1312 3292 1358 3334 of
1372 3293 1591 3333 divinities
1607 3290 1871 3344 worshipped
