2124 3554
225 233 256 284 8
701 235 1037 291 Tertulliani
1069 236 1122 289 A
1117 233 1447 307 polegetz‘cus
1503 225 1507 228 ⁵
1721 246 1842 301 [cu.
1864 253 1918 291 11.

227 396 324 428 non
368 378 670 429 examinatio
729 380 979 431 criminis:
1040 382 1236 446 quando
1293 381 1337 432 si
1394 381 1455 431 de
1504 381 1670 447 aliquo
1715 389 1919 434 nocente

229 463 539 527 cognoscitis,
576 481 676 513 non
726 464 899 513 statim
950 465 1164 513 confesso
1214 481 1271 513 eo
1311 481 1488 514 nemen
1522 465 1803 528 homicidae,
1842 468 1920 517 vel

229 547 471 612 sacrilegi,
531 548 612 598 vel
672 548 863 609 incesti,
912 547 992 597 vel
1042 548 1231 613 publici
1281 548 1440 598 hostis
1491 548 1573 610 (ut
1631 551 1691 600 de
1737 551 1922 601 nostris
1956 614 1958 616 ‚

230 630 405 696 elogiis
453 629 650 697 loquar)
704 630 926 680 contenti
973 631 1086 680 sitis
1131 631 1197 680 ad
1242 632 1675 696 pronuntiandum,
1724 634 1820 683 nisi
1870 640 1922 684 et

189 728 212 769 5
230 715 582 779 consequentia
630 714 858 778 exigatis,
901 713 1196 777 qualitatem
1243 714 1379 775 facti,
1420 731 1691 777 numerum,
1739 717 1917 777 locum,

227 797 439 857 modum,
466 801 676 862 tempus,
703 787 933 856 conscios,
960 797 1126 847 socios.
1214 798 1291 847 De
1328 797 1469 847 nobis
1505 799 1631 847 nihil
1665 800 1780 859 tale,
1807 817 1918 849 cum

226 897 379 945 aeque
416 880 701 944 extorqueri
736 884 1001 944 oporteret,
1027 880 1357 945 quodcunque
1393 881 1516 930 falso
1534 882 1770 946 jactatur,
1797 889 1919 948 quot

228 963 436 1027 quisque
466 963 570 1028 jam
604 963 919 1013 infanticidia
953 964 1275 1028 degustasset,
1312 969 1435 1028 quot
1469 963 1656 1014 incesta
1692 970 1918 1016 contene-

228 1048 432 1105 brasset,
459 1047 546 1111 qui
571 1046 688 1106 coci,
714 1046 802 1111 qui
825 1064 968 1096 canes
997 1046 1263 1096 affuissent.
1341 1047 1386 1096 O
1412 1053 1597 1111 quanta
1622 1049 1758 1099 illius
1781 1066 1918 1114 prae-

164 1145 216 1172 10
229 1129 349 1179 sidis
398 1129 570 1194 gloria,
597 1130 639 1179 si
687 1129 899 1180 eruisset
945 1130 1173 1194 aliquem,
1199 1130 1286 1195 qui
1327 1134 1523 1179 centum
1557 1132 1662 1196 jam
1704 1132 1920 1182 infantes

229 1213 546 1262 comedisset!
616 1211 811 1276 Atquin
835 1212 1115 1263 invenimus
1137 1213 1510 1277 inquisitionem
1539 1232 1732 1280 quoque
1754 1215 1809 1264 in
1832 1233 1920 1265 nos

230 1296 545 1360 prohibitam.
596 1296 787 1345 Plinius
812 1296 944 1346 enim
969 1297 1224 1346 Secundus
1248 1314 1359 1346 cum
1381 1297 1687 1362 provinciam
1710 1303 1919 1364 regeret,

231 1379 481 1428 damnatis
518 1380 815 1444 quibusdam
854 1379 1168 1439 Christianis,
1211 1380 1505 1444 quibusdam
1552 1382 1710 1446 gradu
1747 1381 1922 1447 pulsiS,

230 1464 336 1528 ipsa
370 1467 536 1512 tamen
571 1463 894 1512 multitudine
930 1463 1264 1528 perturbatus,
1290 1464 1413 1528 quid
1448 1465 1509 1513 de
1546 1471 1706 1514 cetero
1741 1463 1925 1530 ageret,

168 1555 220 1597 Ῐ5
235 1546 483 1596 consuluit
529 1550 650 1596 tunc
709 1547 979 1611 Trajanum
1037 1547 1401 1612 imperatorem,
1449 1547 1669 1612 allegans
1726 1552 1925 1612 praeter

294 1727 330 1756 1.
359 1718 550 1763 quando
570 1717 612 1755 si
632 1746 641 1756 .
666 1743 678 1755 .
701 1745 710 1756 .
734 1717 1036 1763 cognoscitis,
1094 1715 1344 1768 Ooynosoere
1361 1715 1464 1756 here
1481 1717 1606 1757 bears
1633 1717 1691 1757 its
1713 1717 1925 1758 technical

229 1780 431 1831 meaning
474 1778 522 1819 of
568 1782 579 1800 ‘
594 1779 841 1831 examining
888 1778 1116 1833 judicially
1146 1780 1238 1820 into
1279 1793 1305 1819 a
1347 1779 1545 1820 criminal
1582 1793 1678 1820 case
1719 1779 1862 1821 before
1900 1793 1927 1820 a·

232 1839 452 1883 tribunal!

290 1917 326 1944 2.
340 1905 620 1953 homicidae,
628 1906 707 1944 vel
721 1905 952 1954 sacrilegi,
962 1906 1038 1945 etc.
1057 1904 1172 1944 Each
1184 1904 1230 1944 of
1234 1904 1355 1944 these
1367 1905 1562 1945 criminal
1573 1904 1747 1957 charges
1758 1904 1926 1957 (elogia,

235 1966 376 2014 tituli,
393 1979 461 2005 see
482 1968 585 2004 next
599 1963 718 2015 note)
734 1978 821 2005 was
834 1964 1029 2005 fastened
1047 1979 1162 2018 upon
1174 1965 1250 2006 the
1265 1966 1502 2006 Christians
1517 1967 1575 2019 by
1586 1966 1700 2006 their
1717 1967 1925 2006 enemies:

233 2041 367 2080 comp.
388 2027 535 2076 below,
561 2029 571 2047 ‘
586 2027 878 2067 Christianum
898 2027 1114 2069 hominem
1133 2029 1324 2069 omnium
1343 2029 1548 2069 scelerum
1565 2026 1713 2078 reum?
1733 2031 1810 2070 etc.

292 2102 331 2141 3.
359 2094 415 2130 ut
444 2091 504 2129 de
523 2091 704 2129 nostris
733 2092 904 2137 elogiis
924 2092 1106 2138 loquar.
1163 2090 1364 2142 Eloyium
1382 2091 1429 2130 in
1457 2090 1570 2143 legal
1593 2090 1872 2143 phraseology
1890 2090 1928 2130 is

236 2158 245 2176 ‘
267 2154 342 2194 the
378 2152 558 2206 judicial
589 2155 824 2193 statement
841 2150 852 2170 '
891 2167 939 2193 or
976 2155 988 2175 ‘
1002 2153 1191 2194 abstract
1222 2154 1270 2194 of
1302 2154 1378 2194 the
1409 2153 1605 2194 criminal
1642 2154 1796 2206 charge
1808 2151 1820 2171 '
1833 2167 1843 2194 ε
1883 2166 1929 2194 so

236 2219 406 2256 mittere
433 2215 622 2267 aliquem
641 2229 737 2255 cum
758 2216 1034 2268 eloyio,==‘to
1053 2216 1159 2257 send
1177 2230 1203 2257 a
1221 2230 1374 2269 person
1393 2216 1536 2257 before
1555 2216 1631 2257 the
1659 2217 1929 2269 magistrates

238 2292 293 2318 on
311 2291 338 2317 a
356 2280 543 2317 warrant
563 2276 797 2330 specifying
814 2277 881 2318 his
899 2277 1088 2319 offence.’
1126 2278 1271 2331 Gomp.
1292 2278 1352 2318 ad
1370 2277 1502 2330 Scap.
1522 2290 1562 2330 4,
1582 2281 1593 2300 ‘
1607 2278 1778 2318 Pudens
1797 2277 1931 2318 etiam

238 2341 413 2381 missum
431 2339 487 2380 ad
505 2353 550 2379 se
571 2339 865 2380 Christianum
884 2340 932 2381 in
951 2341 1087 2393 elogio
1114 2341 1385 2382 concussione
1405 2342 1495 2394 ejus
1515 2341 1736 2381 intellecta
1754 2340 1931 2389 dimisit,
2012 2331 2014 2333 ’

240 2403 367 2443 scisso
401 2402 549 2442 eodem
578 2401 728 2455 elogio,
762 2403 858 2443 sine
885 2407 1130 2444 accusatore
1158 2416 1320 2455 negans
1349 2416 1393 2443 se
1423 2402 1674 2443 auditurum
1702 2403 1930 2450 hominem,

240 2465 472 2507 secundum
490 2463 772 2505 mandatum?
819 2465 899 2506 See
917 2467 1009 2506 also
1025 2466 1163 2507 below
1177 2466 1242 2508 ch.
1261 2477 1328 2517 24,
1343 2465 1699 2518 ‘irreligiositatis
1718 2462 1929 2524 elogium,’

241 2532 251 2549 ‘
267 2528 341 2568 the
365 2527 560 2568 criminal
585 2527 741 2580 charge
763 2527 810 2568 of
833 2526 1079 2581 irreligion'
1095 2542 1107 2579 ς
1134 2528 1200 2570 ch.
1224 2540 1294 2580 44,
1315 2531 1327 2552 ‘
1341 2529 1414 2582 qui
1443 2528 1668 2569 sententiis
1692 2528 1828 2580 elogia
1847 2527 1932 2568 dis-

243 2590 430 2643 pungitis
444 2588 454 2606 ’
472 2604 481 2632 z
513 2603 647 2643 comp.
667 2590 841 2632 Sueton.
862 2591 1004 2641 Galiq.
1030 2599 1095 2643 27,
1118 2594 1130 2614 ‘
1144 2591 1433 2632 custodiarum
1451 2591 1603 2630 seriem
1620 2601 1931 2643 recognoscens,

244 2653 403 2692 nullius
444 2653 634 2705 inspecto
674 2653 825 2705 elogio,
855 2658 974 2694 stans
1004 2653 1300 2693 tantummodo
1338 2653 1452 2692 intra
1487 2652 1699 2704 porticum
1730 2651 1927 2699 mediam,

245 2730 271 2755 a
289 2715 409 2755 calvo
428 2715 485 2754 ad
503 2714 672 2755 calvum
692 2715 791 2756 duci
811 2715 1065 2769 imperavit!

299 2791 339 2829 4.
369 2780 431 2817 ad
468 2779 906 2824 pronuntiandum:
956 2778 1088 2820 absol.
1129 2778 1140 2799 ‘
1157 2780 1203 2817 to
1238 2789 1478 2829 pronounce
1515 2775 1591 2817 the
1626 2772 1812 2816 verdict’
1830 2788 1840 2815 ε
1883 2786 1931 2814 as

246 2840 390 2878 Cicero
409 2837 461 2877 de
481 2837 561 2892 Offi
584 2838 646 2879 iii.
674 2837 736 2879 16.
759 2838 827 2888 66,
850 2841 862 2861 ‘
877 2839 1007 2893 judex
1026 2840 1089 2880 ita
1108 2836 1429 2891 pronuntiavit.’

304 2901 340 2939 8.
370 2901 671 2941 infanticidia
691 2904 1015 2949 degustasset:
1047 2915 1115 2942 see
1133 2900 1198 2941 ch.
1222 2908 1258 2953 7.

307 2974 371 3013 13.
402 2965 689 3010 quibusdam
713 2968 865 3011 gradu
892 2967 1071 3012 pulsis:
1105 2963 1214 3004 ‘and
1234 2976 1349 3004 some
1369 2959 1632 3015 degraded'3
1661 2961 1866 3013 referring
1885 2966 1930 3001 to

247 3026 367 3066 those
388 3025 483 3065 who
501 3025 604 3065 held
622 3025 725 3077 high
745 3027 854 3066 rank
873 3041 919 3067 or
939 3028 1081 3076 office;
1109 3039 1179 3066 see
1197 3030 1297 3066 note
1317 3025 1381 3066 ch.
1407 3036 1442 3066 1.

308 3099 369 3139 14.
402 3090 521 3134 quid
540 3090 599 3128 de
620 3091 778 3128 cetero
800 3093 987 3137 ageret:
1020 3091 1032 3110 ‘
1045 3089 1139 3129 how
1158 3088 1213 3128 he
1233 3087 1386 3128 should
1404 3091 1475 3128 act
1493 3087 1539 3126 in
1557 3085 1632 3126 the
1651 3084 1822 3127 future-⁷

307 3161 371 3202 15.
402 3153 643 3192 consuluit
677 3152 946 3198 Trajanum.
993 3151 1105 3192 Plin.
1128 3151 1239 3202 Epp.
1260 3163 1300 3190 x.
1322 3148 1376 3202 96
1395 3163 1404 3190 :
1436 3163 1504 3190 see
1524 3148 1599 3189 the
1616 3149 1744 3189 letter
1762 3148 1930 3200 printed

249 3214 297 3252 in
316 3213 391 3252 the
407 3212 635 3264 Appendix
654 3212 761 3254 with
773 3211 964 3265 Trajan’s
983 3213 1131 3266 reply;
1151 3212 1235 3253 and
1249 3211 1324 3252 the
1335 3211 1525 3252 remarks
1553 3211 1599 3251 in
1613 3210 1687 3250 the
1707 3210 1931 3250 Introduc-

251 3276 356 3325 tion,
376 3288 482 3328 page
501 3275 588 3314 xiv.
