2124 3554
272 231 372 268 Cu.
391 224 588 276 XXV11.]
698 216 958 269 adversus
1001 215 1195 268 Gentes
1218 223 1324 282 pro
1368 214 1712 268 Christianis
1864 230 1931 283 99

270 359 458 407 duritia
481 359 730 408 saeviendi
752 359 814 407 ad
838 357 1164 406 constantiam
1191 362 1406 405 nostram
1431 337 1748 419 dejiciendam
1772 375 1933 421 opere-

270 449 368 490 tur.
427 442 522 490 Ille
541 442 725 490 scilicet
750 440 950 504 spiritus
969 439 1305 488 daemoniacae
1324 445 1374 487 et
1391 440 1636 502 angelicae
1661 445 1933 503 paraturae,

270 524 357 586 qui
384 530 547 573 noster
571 525 631 572 ob
656 523 921 583 divortium
949 523 1167 571 aemulus
1191 528 1240 570 et
1263 523 1324 570 ob
1349 522 1441 569 Dei
1476 523 1688 585 gratiam
1723 522 1933 580 invidus,

270 608 330 655 de
354 608 599 656 mentibus
623 607 794 656 vestris
817 607 1047 655 adversus
1079 623 1167 654 nos
1200 605 1484 668 proeliatur,
1510 606 1699 654 occulta
1727 605 1934 668 inspira-

269 691 417 748 tione,
443 689 701 738 modulatis
726 694 776 737 et
801 689 1076 736 subornatis
1100 689 1162 736 ad
1186 706 1389 746 omnem,
1416 705 1563 751 quam
1585 688 1640 735 in
1671 687 1935 751 primordio
1953 706 1973 745 5

271 773 429 820 exorsi
453 789 631 830 sumus
658 776 707 819 et
726 770 981 833 judicandi
1005 770 1373 832 perversitatem
1399 774 1447 817 et
1480 769 1725 818 saeviendi
1756 768 1934 833 iniqui-

270 859 436 902 tatem.
507 854 651 909 Nam?
673 853 785 901 licet
814 854 1028 915 subjecta
1063 853 1128 901 sit
1163 853 1300 900 nobis
1331 858 1433 901 tota
1458 852 1532 900 vis
1565 853 1853 899 daemonum
1887 856 1937 899 et

272 936 505 999 ejusmodi
545 936 806 998 spirituum
841 941 897 982 ut
932 951 1139 997 nequam
1175 938 1338 981 tamen
1373 935 1498 982 servi
1535 934 1684 981 metui
1719 951 1935 980 nonnun-

273 1035 419 1080 quam
453 1018 802 1066 contumaciam
845 1016 1059 1076 miscent,
1098 1021 1148 1064 et
1188 1016 1376 1064 laedere
1410 1016 1626 1078 gestiunt
1662 1033 1781 1079 quos
1817 1016 1937 1064 alias

272 1101 533 1148 verentur:
584 1100 746 1147 odium
787 1100 915 1147 enim
956 1099 1104 1147 etiam
1143 1099 1292 1147 timor
1334 1099 1555 1162 inspirat,
1599 1104 1937 1162 praeterquam
1958 1113 2006 1140 10

273 1183 402 1246 quod
426 1183 678 1246 desperata
701 1182 917 1230 condicio
951 1199 1118 1230 eorum
1155 1199 1214 1229 ex
1248 1182 1677 1245 praedamnatione
1713 1181 1937 1229 solatium

273 1270 473 1328 reputat
508 1265 738 1313 fruendae
772 1264 972 1312 interim
1006 1264 1331 1327 malignitatis
1355 1264 1414 1312 de
1446 1282 1627 1327 poenae
1652 1282 1800 1312 mora.
1871 1265 1938 1311 Et

272 1353 436 1396 tamen
459 1347 746 1411 apprehensi
768 1347 1066 1409 subiguntur
1083 1351 1140 1397 ‚et
1164 1346 1433 1394 condicioni
1458 1364 1572 1394 suae
1598 1347 1869 1405 succidunt,
1889 1352 1939 1394 et

273 1448 395 1493 quos
419 1430 476 1477 de
500 1430 760 1494 longinquo
785 1433 1083 1493 oppugnant,
1109 1430 1169 1476 de
1193 1429 1414 1491 proximo
1441 1430 1708 1482 obsecrant.
1763 1430 1938 1493 Itaque

274 1512 390 1559 dum
404 1511 506 1560 vice
530 1512 869 1560 rebellantium
892 1512 1247 1574 ergastulorum
1267 1511 1368 1559 sive
1394 1501 1651 1570 carcerum,
1668 1512 1745 1559 vel
1770 1512 1940 1559 metal-
1961 1533 2005 1572 15

273 1583 446 1652 lorum,
470 1594 549 1643 vel
584 1594 672 1642 hoc
707 1611 860 1657 genus
894 1593 1108 1657 poenalis
1144 1593 1399 1642 servitutis
1424 1599 1686 1658 erumpunt
1712 1594 1941 1642 adversus

274 1694 375 1734 nos,
402 1675 452 1723 in
476 1693 682 1739 quorum
705 1681 945 1739 potestate
971 1681 1100 1734 sunt,
1127 1677 1246 1724 certi
1273 1680 1323 1724 et
1346 1676 1553 1740 impares
1579 1694 1627 1724 se
1651 1694 1753 1724 esse
1778 1682 1828 1725 et
1851 1677 1941 1724 hoc

274 1758 428 1823 magis
451 1758 670 1822 perditos
693 1758 899 1820 ingratis
924 1758 1192 1807 resistimus
1209 1764 1267 1807 ut
1290 1760 1526 1822 aequales,
1544 1763 1593 1806 et
1616 1776 1941 1822 repugnamus

273 1845 634 1903 perseverantes
656 1841 709 1887 in
734 1857 788 1888 eo
812 1841 941 1903 quod
965 1845 1259 1904 oppugnant,
1286 1847 1335 1888 et
1358 1841 1468 1889 illos
1501 1858 1753 1904 nunquam
1787 1842 1941 1903 magis

276 1999 317 2038 S.
330 1999 535 2051 Polycarp
552 1999 611 2051 by
626 1998 865 2046 Quadratus
883 2014 893 2039 ε
936 1998 1150 2051 Αἷδέσθητί
1173 2014 1246 2040 σου
1265 2001 1340 2051 τὴν
1360 2000 1532 2051 ἡλικίαν·
1562 2000 1626 2039 καὶ
1648 1999 1763 2052 ἔτερα
1782 1999 1939 2039 τούτοις

275 2059 479 2099 ἀκόλουθα
496 2058 523 2099 ἃ
543 2059 707 2110 σύνηθες
732 2061 869 2100 αὐτοῖς
893 2061 985 2101 ἐστὶ
1009 2061 1160 2113 λέγειν,
1181 2068 1253 2104 eto.
1269 2077 1279 2112 ;
1309 2064 1393 2103 and
1411 2068 1455 2104 to
1475 2064 1700 2116 Dionysius
1718 2063 1775 2115 by
1792 2063 1938 2102 Aemi-

276 2123 429 2171 lianus,
458 2121 610 2161 Euseb.
630 2122 688 2162 H.
710 2123 758 2163 E.
788 2123 845 2162 iv.
870 2134 931 2174 15.
958 2134 1004 2174 15
1020 2136 1032 2177 ;
1060 2125 1131 2163 vii.
1165 2135 1228 2165 11.
1285 2125 1558 2164 Persuasions
1586 2129 1656 2164 too
1683 2137 1792 2163 were
1824 2124 1940 2163 often

278 2183 391 2222 tried
410 2196 520 2234 upon
539 2183 612 2222 the
631 2196 784 2235 young.

339 2255 374 2284 1.
404 2256 528 2283 nunc
555 2246 730 2283 duritia
759 2247 1013 2284 saeviendi.
1073 2244 1290 2284 Eusebius'
1312 2250 1488 2286 account
1517 2246 1564 2285 of
1584 2247 1657 2285 the
1678 2247 1939 2298 martyrdom

281 2304 327 2344 of
359 2304 400 2344 S.
429 2304 634 2356 Polycarp
665 2304 873 2345 furnishes
906 2306 1116 2345 instances
1148 2306 1193 2345 of
1221 2306 1294 2345 the
1325 2307 1534 2346 alternate
1566 2308 1826 2358 persuasions
1856 2308 1941 2346 and

280 2365 441 2405 threats
459 2366 596 2405 which
611 2379 720 2405 were
738 2366 921 2418 brought
939 2370 985 2405 to
1002 2368 1103 2406 bear
1118 2380 1229 2418 upon
1249 2368 1464 2407 Christian
1482 2369 1722 2409 confessors.
1779 2369 1939 2420 Comp„

281 2427 388 2467 with
407 2427 480 2466 the
500 2440 674 2479 passage
689 2428 844 2479 quoted
862 2429 910 2467 in
929 2428 1002 2467 the
1021 2429 1104 2467 last
1123 2432 1235 2474 note,
1251 2428 1272 2466 ὁ
1294 2427 1335 2467 δὲ
1356 2428 1574 2468 ἀνθὺπατος
1595 2427 1692 2479 εἶπε,
1714 2428 1826 2481 θηρία
1845 2428 1940 2479 ἔχω·

280 2486 439 2527 τούτοις
458 2499 505 2525 σε
525 2489 747 2537 παραβαλῶ
768 2486 836 2526 ἐὰν
855 2487 909 2536 μὴ
929 2487 1191 2539 μετανοήσῃς.
1253 2491 1333 2540 (H.
1353 2490 1402 2529 E.
1419 2491 1476 2530 iv.
1502 2502 1563 2541 15.
1593 2492 1672 2541 18.)

391 2552 453 2588 ad
474 2580 484 2589 .
505 2579 515 2588 .
538 2580 547 2589 .
570 2552 894 2597 dejiciendam.
951 2549 1028 2589 See
1047 2554 1157 2600 note,
1178 2551 1242 2590 ch.
1264 2563 1326 2592 21.

339 2624 374 2651 2.
404 2615 650 2657 paraturae
672 2629 706 2643 =
727 2614 917 2650 naturae.

339 2683 376 2721 3.
408 2674 490 2719 qui
507 2677 668 2712 noster
686 2674 744 2712 ob
766 2675 1024 2711 divortium
1045 2675 1266 2713 aemulus.
1325 2674 1401 2713 See
1420 2678 1552 2722 notes,
1575 2675 1639 2714 011.
1660 2686 1695 2715 2.

337 2746 375 2785 4.
406 2737 463 2773 de
483 2736 719 2773 mentibus
742 2765 751 2773 .
774 2762 782 2771 .
805 2765 814 2774 .
833 2738 1104 2784 proeliatur,
1125 2737 1196 2775 i.e.
1218 2735 1340 2788 using
1359 2749 1465 2788 your
1483 2737 1619 2776 minds
1639 2750 1684 2777 as
1707 2751 1733 2776 a
1759 2738 1942 2789 position

283 2795 390 2835 from
409 2796 546 2835 which
564 2799 609 2835 to
628 2796 772 2835 attack
791 2809 854 2836 us.

342 2869 404 2907 13.
435 2859 706 2897 condicioni
725 2869 836 2896 suae
857 2860 1106 2898 succidunt
1125 2873 1135 2898 :
1165 2860 1177 2879 ‘
1190 2859 1384 2898 succumb
1403 2863 1447 2898 to
1467 2859 1577 2899 their
1597 2858 1710 2899 fate.'

341 2930 404 2968 15.
431 2921 536 2959 vice
564 2922 926 2959 rebellantium:
958 2921 1089 2960 ‘after
1115 2921 1190 2960 the
1218 2934 1395 2960 manner
1423 2921 1468 2960 of
1493 2952 1502 2960 .
1536 2953 1545 2961 .
1578 2922 1599 2962 .’
1674 2923 1816 2975 Gomp.
1837 2924 1945 2963 ‘Dei

284 2979 401 3030 vice,‘
422 2981 486 3021 ch.
510 2993 574 3031 34.

395 3045 748 3089 ergastulorum.
816 3042 1053 3094 Eryastaza
1081 3061 1117 3075 =
1139 3045 1449 3098 ‘penitentiary
1485 3044 1718 3094 convicts’;
1756 3050 1941 3099 erqastu-

286 3104 370 3143 lum
395 3105 430 3144 is
452 3108 502 3144 ‘a
525 3105 666 3156 prison
683 3104 947 3144 work—house
970 3105 1034 3145 for
1058 3105 1237 3156 debtors,
1262 3106 1412 3157 slaves,
1432 3108 1515 3147 and
1543 3107 1778 3148 criminals.'
1835 3110 1866 3149 J
1870 3123 1940 3149 nv,

285 3179 369 3206 xiv.
395 3179 456 3218 24.

396 3229 705 3268 metallorum.
761 3227 838 3268 See
857 3231 970 3280 note,
989 3228 1053 3269 011.
1071 3239 1120 3267 12
1136 3242 1146 3278 ;
1175 3230 1259 3270 and
1277 3230 1426 3280 below,
1447 3230 1510 3271 ch.
1528 3243 1593 3281 44.

1031 3312 1132 3351 ΗΖ
