2124 3554
212 210 310 250 Cn.
329 203 395 256 L.]
525 197 788 249 adversus
830 195 1024 249 Gentes
1048 205 1154 263 pro
1199 195 1544 250 Christianis.
1772 209 1873 267 153

210 343 364 387 totam
400 339 492 387 Dei
528 339 738 402 gratiam
770 338 992 396 redimat,
1023 342 1081 386 ut
1115 354 1305 386 omnem
1336 339 1525 387 veniam
1557 340 1619 387 ab
1655 357 1711 389 eo
1747 358 1873 389 com-

208 422 488 484 pensatione
515 421 764 484 sanguinis
789 420 862 469 sui
887 420 1147 483 expediat‘l
1219 421 1399 469 Omnia
1431 422 1560 470 enim
1592 422 1706 471 huic
1739 424 1877 487 operi

210 503 389 551 delicta
423 504 681 552 donantur.
752 503 877 551 Inde
913 508 1002 562 est,
1029 502 1160 565 quod
1197 502 1380 551 ibidem
1415 504 1669 552 sententiis
1697 506 1874 553 vestris

209 585 393 647 gratias
435 586 651 648 agimu83
699 590 756 633 ut
790 586 865 634 est
899 584 1160 634 aemulatio
1197 585 1390 634 divinae
1429 586 1500 634 rei
1534 591 1585 635 et
1621 586 1871 646 humanae,

209 683 318 714 cum
343 667 629 716 damnamur
651 685 680 715 a
703 667 855 725 vobis,
881 684 909 715 a
935 667 1038 715 Deo
1063 667 1374 716 absolvimur.
1623 684 1629 697 Χ
1891 682 1914 722 5

269 823 303 851 2.
339 814 511 852 Omnia
529 815 656 852 enim
674 815 787 852 huie
807 815 939 859 operi
960 814 1135 852 delicta
1154 815 1406 852 donantur.
1466 814 1532 853 On
1551 813 1626 854 the
1646 814 1816 867 efficaoy
1834 816 1880 854 of

208 873 468 925 martyrdom
488 873 553 912 for
571 873 643 913 the
661 874 821 925 pardon
840 873 888 913 of
908 875 993 913 sins
1021 887 1089 914 see
1107 875 1157 914 de
1175 877 1270 926 pat.
1298 885 1372 923 13;
1405 874 1552 926 Seorp.
1578 873 1603 914 6
1616 889 1628 924 ;
1657 876 1709 915 de
1720 877 1869 927 padio.

209 946 246 986 9,
271 945 344 979 223
375 935 425 974 de
444 935 558 987 bapt.
587 934 648 984 16,
667 935 807 975 where
835 936 871 975 it
898 935 934 974 is
963 935 1126 975 termed
1153 949 1178 975 a
1211 936 1387 976 ‘second
1411 935 1633 988 Baptism,'
1652 939 1874 977 secundam,

211 996 438 1036 lavacrum.
468 1046 473 1050 ,

265 1070 306 1110 4.
336 1061 512 1106 gratias
532 1060 727 1106 agimus.
787 1059 866 1099 See
885 1060 1030 1109 above,
1051 1059 1115 1099 ch.
1138 1057 1206 1110 46,
1226 1059 1309 1099 and
1328 1064 1441 1109 note,
1462 1060 1525 1100 ch.
1551 1071 1601 1114 1„
