2124 3554
185 256 280 295 car.
303 249 355 304 1.]
507 242 767 296 adversus
808 242 1003 296 Gente's
1025 252 1131 311 pro
1174 242 1519 298 Chrzk'tianz's.
1816 255 1849 312 5

183 385 269 433 alii
314 368 558 450 gaudeant
604 387 898 450 cognovisse.
969 386 1165 447 Quanto
1215 386 1390 449 magis
1422 387 1511 435 hos
1557 385 1851 437 Anacharsis

185 468 458 517 denotasset
503 469 840 534 imprudentes
894 470 954 518 de
999 470 1322 534 prudentibus
1360 470 1650 533 judicantes,
1706 484 1850 534 quam

184 550 459 599 immusicos
482 551 542 599 de
579 551 807 600 musicis!
879 552 1074 600 Malunt
1109 551 1308 610 nescire,
1334 551 1450 616 quia
1466 553 1570 614 jam
1606 551 1848 612 oderunt3

185 632 303 680 adeo
341 632 470 696 quod
510 633 749 694 nesciunt,
787 622 1123 697 praejudicant
1152 633 1205 681 id
1246 650 1364 692 esse,
1404 634 1550 697 quod,
1591 633 1633 682 si
1674 633 1844 694 sciant,

185 714 342 763 odisse
376 732 470 764 non
493 721 747 779 poterant3
784 716 977 780 quando
1003 715 1046 764 si
1080 715 1272 764 nullum
1295 715 1397 763 odii
1433 716 1654 764 debitum
1677 715 1847 780 depre—
1864 735 1888 776 5

184 796 441 857 hendatur,
460 798 698 861 optimum
722 799 892 862 utique
912 798 982 847 sit
1005 798 1222 847 desinere
1240 798 1421 861 injuste
1447 798 1602 847 odisse
1619 814 1632 858 ;
1670 798 1712 846 si
1737 815 1850 847 vero

185 879 244 927 de
290 880 466 928 merito
513 885 717 942 constet,
765 898 863 929 non
908 881 1051 929 modo
1098 880 1222 928 nihil
1269 881 1369 929 odii
1416 881 1720 940 detrahatur,
1765 880 1851 928 sed

185 961 395 1025 amplius
420 963 704 1026 acquiratur
731 963 794 1012 ad
827 962 1250 1027 perseverantiam,
1277 963 1427 1011 etiam
1444 963 1669 1027 justitiae
1697 962 1851 1026 ipsius

185 1043 489 1093 auctoritate.

254 1125 350 1175 Sed
397 1143 494 1175 non
540 1125 664 1187 ideo,
713 1125 888 1191 inquit,
939 1127 1136 1188 bonum,
1192 1127 1306 1190 quia
1364 1127 1542 1176 multos
1593 1126 1849 1176 convertit.
1869 1145 1918 1171 10

187 1207 373 1268 Quanti
397 1209 528 1257 enim
550 1209 613 1258 ad
647 1210 830 1257 malum
853 1210 1260 1273 praeformantur,
1285 1210 1458 1272 quanti
1490 1211 1769 1274 transfugae
1797 1209 1850 1257 in

186 1292 498 1353 perversqu
570 1291 693 1352 Quis
716 1292 900 1354 negati
971 1292 1151 1340 Tamen
1175 1292 1307 1355 quod
1330 1309 1442 1340 vere
1467 1292 1648 1340 malum
1675 1296 1764 1351 est,
1789 1309 1849 1340 ne

185 1371 281 1435 ipsi
305 1373 517 1436 quidem,
544 1391 663 1437 quos
692 1374 836 1437 rapit,
865 1374 1120 1423 defendere
1155 1392 1246 1439 pro
1270 1374 1393 1423 bono
1429 1375 1626 1424 audent.
1698 1374 1851 1424 Omne

186 1455 367 1503 malum
407 1461 495 1504 aut
532 1457 707 1505 timore
749 1462 835 1505 aut
873 1457 1057 1520 pudore
1100 1461 1277 1505 natura
1323 1457 1553 1520 perfudit.
1624 1457 1850 1521 Denique

186 1537 392 1586 malefici
418 1539 638 1603 gestiunt
671 1539 838 1598 latere,
864 1539 1088 1588 devitant
1124 1556 1374 1603 apparere,
1397 1540 1647 1604 trepidant
1682 1540 1850 1604 depre-
1869 1551 1916 1591 15

185 1619 340 1680 hensi‚
377 1622 557 1683 negant
597 1621 823 1681 accusati,
861 1638 921 1669 ne
959 1621 1079 1670 torti
1119 1621 1317 1683 quidem
1357 1621 1498 1670 facile
1538 1628 1625 1670 aut
1664 1638 1852 1685 semper

186 1701 514 1763 confitentur3
575 1706 704 1751 certe
763 1703 1067 1772 condemnati
1121 1708 1370 1763 maerent3
1429 1703 1742 1753 dinumerant
1800 1703 1853 1751 in

245 1841 278 1871 1.
308 1833 608 1872 Anacharsis.
665 1831 876 1885 Diogenes
908 1832 1049 1872 Laert.
1080 1833 1108 1873 i.
1148 1845 1235 1883 103,
1267 1831 1477 1883 θαυμάζειν
1497 1833 1540 1874 δὲ
1561 1833 1639 1886 ἔφη
1662 1834 1740 1874 πῶς
1758 1835 1860 1887 παρὰ

184 1891 267 1932 τοῖς
281 1891 483 1944 Ἕλλησιν
501 1891 763 1944 ἀγωνίζονται
782 1892 859 1942 μὲν
877 1895 915 1933 οἱ
933 1894 1115 1944 τεχνῖται
1135 1894 1202 1934 καὶ
1220 1894 1393 1947 κρίνουσι
1416 1895 1458 1936 δὲ
1480 1897 1517 1935 οἱ
1534 1896 1591 1947 μὴ
1611 1898 1811 1947 τεχνῖται.

243 1966 278 1995 2.
307 1958 629 2002 imprudentes
668 1958 726 1997 de
762 1959 1077 2003 prudentibus
1117 1959 1413 2004 judicantes:
1463 1960 1474 1980 ‘
1495 1962 1708 1998 amateurs
1745 1959 1858 1998 criti-

186 2017 318 2069 cizing
336 2016 655 2069 professionaIS.’

242 2090 279 2129 3.
310 2081 497 2119 Malunt
535 2082 732 2121 nescire.
791 2081 803 2101 ‘
819 2080 939 2133 They
965 2081 1103 2132 prefer
1140 2083 1185 2120 to
1223 2081 1277 2120 be
1313 2082 1512 2133 ignorant
1547 2082 1723 2122 because
1759 2081 1860 2135 they

188 2140 360 2193 already
376 2141 476 2181 hate
493 2155 504 2190 ;
533 2142 617 2181 and
642 2142 742 2182 thus
766 2142 862 2182 that
875 2143 1014 2183 which
1043 2143 1147 2196 they
1165 2143 1290 2183 know
1308 2149 1385 2184 not
1403 2144 1506 2197 they
1525 2144 1726 2196 prejudge
1744 2148 1790 2184 to
1808 2144 1860 2183 be

188 2201 289 2241 such
307 2214 369 2252 ας,
387 2202 424 2240 if
438 2202 540 2255 they
559 2203 632 2242 did
650 2204 786 2251 know,
806 2204 910 2256 they
927 2205 1050 2244 could
1067 2209 1141 2244 not
1158 2203 1285 2245 hate?

244 2273 282 2314 5.
314 2265 357 2302 si
374 2267 559 2303 nullum
579 2266 678 2304 odii
692 2268 918 2314 debitum,
942 2268 953 2286 ‘
968 2265 1006 2304 if
1021 2279 1075 2305 no
1089 2267 1178 2318 just
1195 2267 1357 2319 ground
1377 2267 1424 2307 of
1437 2267 1589 2307 hatred
1608 2267 1660 2307 be
1674 2266 1806 2306 found
1820 2264 1830 2281 ’
1848 2280 1858 2314 ;

189 2325 226 2364 if
258 2325 377 2365 there
403 2326 441 2366 is
469 2327 648 2379 nothing
674 2331 720 2367 to
748 2327 898 2380 justify
925 2327 1000 2367 the
1027 2329 1198 2380 general
1227 2329 1378 2369 hatred
1407 2329 1544 2369 which
1575 2329 1858 2381 Christianity

190 2388 356 2428 excites.

248 2460 313 2499 ιο,
345 2453 439 2491 Sed
468 2463 565 2491 non
595 2453 718 2501 ideo,
747 2453 918 2498 inquit.
976 2454 988 2474 ‘
1004 2451 1108 2502 But,
1126 2453 1162 2491 it
1190 2465 1289 2505 may
1306 2453 1360 2493 be
1388 2453 1493 2503 said,
1514 2467 1540 2493 a
1568 2454 1693 2505 thing
1719 2453 1756 2492 is
1785 2457 1860 2492 not

190 2511 398 2552 therefore
434 2514 542 2565 good
575 2513 748 2553 because
781 2514 817 2553 it
856 2517 1035 2554 attracts
1073 2514 1147 2554 the
1183 2528 1325 2567 many.
1385 2515 1463 2555 See
1501 2515 1596 2556 how
1626 2528 1755 2566 many
1788 2529 1860 2554 are

187 2574 427 2628 previously
445 2575 638 2627 disposed
657 2581 702 2615 to
721 2575 819 2624 evil,
838 2573 932 2615 how
950 2589 1080 2628 many
1099 2576 1240 2616 desert
1258 2582 1304 2617 to
1321 2578 1397 2617 the
1417 2578 1505 2617 side
1525 2578 1571 2617 of
1586 2591 1702 2617 error
1720 2578 1728 2617 ί
1746 2575 1757 2593 ’
1783 2616 1786 2619 ,

248 2646 309 2686 13.
341 2638 493 2677 Omne
521 2640 692 2677 malum
720 2642 802 2677 aut
829 2640 1013 2677 timore.
1071 2640 1082 2659 ‘
1099 2638 1235 2678 There
1263 2640 1299 2679 is
1325 2653 1350 2679 a
1370 2652 1490 2680 sense
1508 2641 1554 2680 of
1575 2639 1796 2691 shrinking
1814 2652 1861 2678 or

189 2698 332 2738 shame
363 2699 653 2752 instinctively
670 2699 868 2739 attached
895 2703 940 2739 to
969 2713 1095 2753 every
1114 2698 1225 2740 evi1.'

248 2770 311 2811 14.
340 2762 564 2810 perfudit,
599 2761 666 2800 lit.
713 2763 724 2781 ‘
741 2761 908 2801 Nature
940 2761 1046 2801 hath
1083 2761 1280 2814 steep'ed‚’
1310 2761 1526 2813 ‘flooded,’
1558 2763 1797 2814 ‘bathed';
1836 2780 1861 2804 a

188 2822 324 2872 poetic
343 2822 428 2861 and
445 2822 533 2861 late
551 2835 670 2874 prose
691 2835 764 2862 une
781 2836 789 2862 :
821 2835 865 2862 so
885 2824 1010 2875 again
1029 2823 1095 2864 ch.
1117 2835 1184 2875 40.

248 2891 310 2934 17.
339 2885 636 2923 dinumerant
662 2886 714 2923 in
740 2887 1029 2931 semetipsos.
1087 2885 1176 2925 The
1210 2884 1450 2937 expression
1479 2898 1612 2926 seems
1644 2890 1690 2926 to
1723 2887 1860 2940 imply

189 2946 487 2997 introspection
500 2946 851 2998 unaccompanied
862 2946 919 2997 by
932 2960 1125 2987 remorse.
1182 2947 1468 2987 Dinumerare
1477 2966 1513 2980 =
1527 2952 1536 2969 ‘
1548 2952 1594 2987 to
1605 2949 1761 2988 reckon
1773 2948 1860 3001 up,'

190 3019 245 3046 sc.
283 3010 382 3047 acta
418 3020 511 3056 sua,
550 3007 656 3047 with
688 3021 714 3047 a
751 3021 870 3047 sense
901 3009 1001 3048 here
1032 3008 1078 3047 of
1103 3009 1451 3050 animadversion.
1510 3009 1587 3049 ‘In
1617 3010 1731 3050 their
1761 3024 1858 3051 con-

191 3069 368 3108 sciences
397 3070 502 3121 they
527 3074 702 3110 recount
728 3069 842 3110 their
870 3070 1009 3118 deeds,
1039 3071 1117 3110 but
1154 3071 1315 3122 impute
1346 3075 1393 3111 to
1425 3071 1514 3111 fate
1545 3101 1555 3110 .
1599 3103 1608 3112 .
1653 3070 1678 3113 .'
1711 3072 1855 3125 Comp.

190 3129 263 3169 the
286 3131 461 3182 parallel
483 3144 656 3183 passage
688 3131 746 3170 ad
774 3132 882 3171 Nat.
906 3132 934 3171 i.
970 3144 1004 3177 Ι,
1038 3135 1048 3152 ‘
1063 3133 1314 3183 exprobrant
1339 3133 1494 3172 etenim
1521 3133 1633 3185 quod
1662 3139 1784 3174 erant
1811 3136 1857 3174 in

192 3192 456 3243 semetipsos:
486 3193 622 3231 malae
645 3193 800 3232 mentis
827 3194 880 3233 ab
908 3194 1146 3233 innocentia
1174 3195 1402 3234 transitum
1421 3195 1490 3234 vel
1509 3195 1597 3235 fato
1616 3195 1854 3248 imputant;

193 3252 297 3293 adeo
315 3253 466 3293 nolunt
485 3266 608 3294 suum
629 3267 730 3305 esse,
751 3255 851 3307 quia
868 3256 1028 3295 malum
1047 3269 1200 3309 negare
1219 3269 1304 3296 non
1323 3254 1524 3308 possunt?
