2124 3554
195 269 420 322 cu.V11.]
526 260 785 314 adversus
826 258 1020 312 Gentes
1043 267 1149 327 pro
1193 256 1534 311 Christianis.
1798 269 1861 322 27

194 420 351 464 canes,
393 403 591 452 lenones
631 401 828 461 scilicet,
868 401 1182 450 tenebrarum
1216 403 1267 448 et
1301 398 1563 448 libidinum
1602 398 1865 463 impiarum

192 485 539 536 inverecundia
582 487 859 551 procurent.
928 482 1153 532 Dicimur
1198 486 1364 531 tamen
1405 498 1608 545 semper,
1651 498 1738 530 nec
1779 498 1866 529 vos

194 569 323 633 quod
357 572 460 618 tam
495 568 582 617 diu
616 566 824 616 dicimur
857 583 1025 615 eruere
1060 565 1259 614 curatis.
1328 565 1459 628 Ergo
1495 569 1581 613 aut
1616 564 1789 622 eruite,
1822 564 1866 613 si

193 650 406 712 creditis,
445 656 533 701 aut
579 651 731 700 nolite
777 649 985 709 credere,
1025 648 1111 713 qui
1157 665 1255 696 non
1302 646 1514 696 eruistis.
1583 647 1660 695 De
1700 650 1866 696 vestra

191 733 331 783 vobis
366 733 754 783 dissimulatione
787 730 1149 797 praescribitur,
1186 747 1283 778 non
1318 746 1433 788 esse,
1470 730 1599 794 quod
1640 746 1728 778 nec
1768 729 1864 793 ipsi
1883 746 1906 787 5

190 815 382 864 audetis
406 832 588 865 eruere.
658 816 825 878 Longe
856 813 991 863 aliud
1025 829 1202 861 munus
1234 811 1450 860 carnifici
1483 813 1537 860 in
1561 811 1866 861 Christianos

190 897 455 961 imperatis,
488 914 586 946 non
620 901 678 947 ut
712 897 878 945 dicant
911 911 1035 959 quae
1071 894 1272 954 faciunt,
1309 894 1393 943 sed
1428 898 1486 943 ut
1521 899 1701 960 negent
1737 894 1868 958 quod

191 983 322 1028 sunt.

262 1061 449 1111 Census
485 1061 630 1110 istius
665 1059 962 1124 disciplinae,
991 1063 1048 1107 ut
1079 1060 1181 1121 jam
1216 1057 1471 1118 edidimus,
1499 1074 1528 1106 a
1553 1057 1748 1106 Tiberio
1779 1062 1866 1106 est.

192 1142 318 1192 Cum
353 1143 463 1192 odio
498 1143 575 1192 sui
611 1142 770 1206 coepit
801 1141 998 1199 veritas,
1034 1140 1180 1189 simul
1215 1143 1366 1203 atque
1401 1140 1641 1204 apparuit,
1670 1140 1866 1189 inimica
1885 1156 1936 1185 10

192 1241 310 1274 esse.
380 1225 472 1274 Tot
506 1225 670 1273 hostes
703 1226 823 1287 ejus,
847 1228 968 1287 quot
1003 1221 1237 1282 extranei,
1262 1226 1313 1270 et
1349 1222 1547 1285 quidem
1582 1222 1770 1287 proprii
1805 1240 1867 1271 ex

191 1307 514 1356 aemulatione
550 1307 582 1355 J
586 1305 743 1366 udaei,
781 1322 843 1354 ex
877 1305 1186 1354 concussione
1227 1303 1426 1365 milites,
1464 1322 1524 1352 ex
1558 1309 1735 1353 natura
1769 1304 1866 1368 ipsi

191 1389 341 1438 etiam
376 1388 627 1437 domestici
667 1388 836 1437 nostri.
907 1387 1135 1449 Quotidie
1174 1386 1463 1446 obsidemur,
1500 1386 1718 1450 quotidie
1755 1403 1865 1451 pro-

162 1480 166 1484 *
191 1490 324 1543 μίξεις,
347 1490 416 1532 καὶ
444 1491 522 1532 ὅσα
550 1490 655 1543 μήτε
683 1491 828 1530 λαλεῖν
858 1490 961 1542 μήτε
992 1490 1100 1530 νοεῖν
1128 1488 1236 1539 θέμις
1263 1490 1373 1541 ἡμῖν,
1402 1491 1539 1531 which
1566 1490 1641 1531 the
1667 1491 1865 1532 Gallican

191 1554 429 1594 Christiane
460 1568 572 1595 were
603 1554 779 1595 accused
809 1553 855 1594 of
881 1555 939 1606 by
966 1552 1152 1592 heathen
1179 1552 1333 1602 slaves,
1367 1552 1520 1592 Euseb.
1546 1566 1587 1594 v,
1613 1565 1647 1593 1.
1706 1554 1865 1605 Origen

191 1619 323 1656 states
352 1612 448 1656 that
472 1616 518 1655 in
546 1616 613 1655 his
642 1616 726 1668 day
744 1616 864 1656 these
892 1615 1017 1655 libels
1036 1628 1146 1655 were
1165 1614 1349 1654 obsolete
1371 1612 1526 1668 (contr.
1554 1614 1661 1656 Cels.
1683 1615 1740 1656 vi.
1761 1615 1864 1669 40)3

189 1689 323 1729 comp.
343 1676 560 1729 Lightfoot
578 1677 611 1715 J
602 1677 779 1728 quatias
797 1677 825 1717 i.
851 1687 918 1728 52.

246 1749 284 1790 5.
312 1741 668 1790 praescribitur,
682 1753 709 1779 a
723 1739 836 1792 legal
850 1743 985 1779 term:
1009 1738 1299 1791 praescribere
1309 1756 1345 1770 =
1355 1739 1367 1760 ‘
1382 1741 1428 1778 to
1445 1738 1569 1790 lodge
1582 1752 1607 1779 a
1622 1737 1866 1788 demurrer,’

190 1801 203 1822 ‘
221 1804 267 1840 to
285 1801 379 1840 rule
397 1814 423 1840 a
440 1802 720 1854 preliminary
738 1802 948 1854 objection
967 1799 1163 1854 against?
1219 1801 1320 1840 This
1339 1801 1376 1841 is
1395 1801 1471 1841 the
1490 1802 1662 1853 general
1683 1814 1802 1841 sense
1821 1801 1868 1840 in

189 1861 440 1911 Tei-tullian,
463 1876 594 1915 comp.
615 1863 680 1903 ch.
693 1870 746 1915 47
764 1876 776 1912 ;
806 1864 900 1903 adv.
917 1863 1066 1903 Herm.
1090 1874 1127 1914 1,
1149 1864 1160 1885 ‘
1175 1863 1366 1903 Solemus
1385 1862 1609 1903 haereticis
1628 1863 1868 1915 compendii

189 1923 329 1975 gratia
348 1924 401 1965 de
418 1925 667 1976 posteritate
690 1925 970 1977 praescribere
984 1922 995 1942 '
1005 1939 1015 1971 ;
1045 1925 1103 1966 ib.
1125 1935 1202 1975 33;
1231 1925 1317 1965 and
1344 1924 1418 1964 the
1445 1925 1542 1965 title
1570 1925 1617 1964 of
1640 1938 1719 1964 one
1739 1924 1786 1965 of
1800 1924 1867 1964 his

188 1985 386 2025 treatises
397 1996 456 2025 DE
474 1996 847 2027 PRAEscRIPssonn
866 1997 1232 2036 HAannconum,
1222 2001 1232 2010 ·
1263 1988 1362 2028 adv.
1382 1987 1522 2029 Mare.
1538 1987 1564 2027 i.
1588 1999 1624 2037 1,
1646 1989 1658 2009 ‘
1675 1988 1748 2027 sed
1760 1987 1869 2026 alius

189 2046 359 2087 libellus
373 2047 487 2088 hunc
498 2049 679 2101 gradum
690 2049 917 2089 sustinebit
929 2049 1129 2089 adversus
1141 2049 1425 2090 haereticos..
1446 2049 1525 2089 .de
1538 2050 1869 2101 praescriptione

188 2106 417 2149 novitatis.'
474 2109 692 2163 Similarly
718 2111 791 2151 the
809 2110 969 2150 adverb
988 2113 1000 2133 ‘
1014 2109 1344 2162 praescriptive‚’
1366 2111 1463 2151 adv.
1485 2111 1621 2151 Moerc.
1644 2110 1701 2150 iv.
1729 2121 1764 2151 1.
1823 2111 1869 2150 It

191 2171 281 2210 also
299 2172 420 2212 bears
440 2172 514 2212 the
531 2173 731 2226 meaning
750 2175 763 2196 ‘
777 2178 823 2213 to
850 2171 1013 2222 define,'
1044 2173 1129 2213 and
1157 2187 1202 2213 so
1223 2176 1609 2226 praescriptwm=‘
1626 2187 1652 2213 a
1670 2173 1871 2226 precept?

190 2231 243 2272 de
261 2232 425 2273 exhort.
445 2237 551 2274 east.
566 2245 605 2284 3.
662 2235 740 2275 See
758 2239 829 2275 too
849 2235 901 2274 de
919 2248 1152 2286 monogam.
1171 2246 1218 2274 12
1225 2265 1236 2285 ‚
1258 2235 1518 2287 ‘praescribe
1530 2239 1771 2275 constanter
1783 2249 1869 2275 non

191 2293 383 2333 omnibus
402 2295 601 2346 praecipi,
620 2309 729 2348 quae
748 2296 999 2348 quibusdam
1018 2297 1105 2335 sint
1122 2294 1374 2348 praecepta.’

248 2367 286 2407 9.
320 2357 512 2403 Census,
541 2357 571 2397 i.
589 2370 623 2398 e.
648 2355 814 2408 ‘origo'
832 2371 842 2398 ε
873 2370 1018 2397 census
1045 2358 1130 2397 and
1155 2360 1313 2397 censeri
1334 2358 1436 2398 bear
1463 2357 1538 2398 the
1567 2370 1685 2397 sense
1711 2357 1757 2398 of
1772 2359 1784 2379 ‘
1797 2357 1869 2398 be—

191 2416 370 2468 ginning
383 2415 394 2433 ’
413 2417 497 2456 and
516 2419 528 2439 ‘
542 2418 750 2470 originate
765 2416 776 2434 ’
796 2431 901 2470 very
918 2418 1163 2471 frequently
1181 2419 1229 2458 in
1247 2419 1501 2459 Tertullian.
1557 2419 1702 2471 comp.
1716 2420 1779 2459 ch.
1802 2431 1868 2470 10,

194 2488 260 2527 12,
294 2478 418 2518 ‘inde
446 2483 673 2519 censentur
702 2479 764 2519 dii
790 2477 948 2520 vestri'
962 2493 974 2529 ;
1015 2479 1074 2519 ad
1101 2492 1226 2519 uxor.
1247 2480 1274 2520 i.
1299 2478 1349 2528 63
1378 2480 1431 2520 de
1451 2493 1622 2531 praese.
1651 2479 1767 2520 haer.
1800 2493 1866 2530 21,

193 2550 259 2590 32,
295 2539 529 2579 ‘Ecclesiae
555 2541 809 2592 apostolicae
835 2554 985 2581 census
1016 2554 1111 2581 suos
1131 2539 1378 2590 deferunt’3
1406 2541 1499 2581 adv.
1529 2542 1679 2582 Herm.
1706 2553 1728 2592 3
1734 2553 1788 2592 33
1816 2543 1870 2582 de

191 2613 421 2653 monogam.
443 2612 483 2652 5,
506 2603 518 2623 ‘
534 2615 683 2641 census
704 2606 846 2642 noster
864 2602 1121 2642 transfertur
1144 2602 1192 2642 in
1221 2600 1468 2652 Christum,'
1487 2608 1561 2643 eto.
1580 2616 1592 2653 ;
1624 2613 1687 2653 11,
1714 2606 1725 2623 ‘
1739 2617 1765 2642 a
1783 2604 1867 2643 fide

191 2663 307 2702 enim
325 2662 455 2702 etiam
473 2663 564 2715 ipsa
582 2663 674 2703 vita
692 2667 836 2703 nostra
855 2661 1078 2704 censetur!

250 2735 311 2764 12.
341 2737 400 2765 ex
419 2727 727 2765 concussione
745 2737 755 2764 ε
786 2728 1003 2766 concussio
1021 2726 1067 2764 in
1085 2725 1195 2778 legal
1210 2725 1483 2779 phraseology
1497 2726 1682 2778 signifies
1701 2729 1712 2748 ‘
1727 2740 1781 2766 an
1801 2741 1870 2767 ex-

189 2785 351 2826 tortion
369 2785 416 2825 of
428 2799 582 2839 money
600 2788 658 2840 by
675 2800 820 2828 means
840 2788 886 2828 of
898 2788 1062 2828 threats
1076 2785 1087 2804 ’
1101 2801 1112 2837 ;
1140 2801 1186 2827 so
1209 2787 1268 2828 ad
1295 2787 1420 2839 Scap.
1442 2801 1484 2840 4,
1510 2791 1521 2810 ‘
1535 2788 1582 2827 in
1610 2789 1744 2840 elogio
1772 2802 1868 2829 con—

190 2847 380 2887 cussione
400 2848 490 2900 ejus
509 2846 756 2898 intellecta,'
777 2848 822 2888 of
836 2862 892 2888 an
911 2849 1164 2889 indictment
1189 2849 1342 2901 purely
1362 2849 1585 2890 vexatious
1601 2863 1612 2899 ς
1642 2849 1727 2889 and
1747 2853 1758 2872 ‘
1772 2864 1868 2890 con-

189 2906 359 2959 cussor,'
388 2909 436 2949 de
451 2910 551 2962 fay.
585 2910 634 2949 in
656 2922 771 2961 pers.
806 2921 852 2949 12
859 2941 871 2961 ,
904 2921 965 2962 13.
1024 2911 1211 2950 Soldiers
1246 2910 1354 2950 from
1385 2911 1460 2951 the
1493 2916 1646 2951 nature
1684 2912 1730 2951 of
1756 2912 1869 2952 their

191 2970 349 3023 calling
375 2971 516 3011 would
543 2971 596 3012 be
624 2972 856 3025 peculiarly
872 2973 1006 3012 liable
1033 2977 1078 3012 to
1107 2973 1181 3012 the
1212 2974 1470 3025 temptation
1497 2974 1544 3014 of
1566 2974 1792 3026 indulging
1822 2975 1868 3014 in

192 3031 294 3071 such
314 3035 325 3054 ‘
340 3030 553 3072 violence'
566 3047 577 3080 3
607 3046 739 3085 comp.
759 3033 799 3074 S.
822 3034 942 3074 John
970 3032 1171 3087 Baptist's
1199 3035 1346 3075 advice
1373 3039 1419 3075 to
1442 3036 1573 3084 them,
1598 3035 1638 3075 S.
1663 3035 1784 3076 Luke
1803 3036 1864 3076 iii.

194 3103 261 3144 14,
282 3093 293 3114 ‘
308 3093 534 3133 Neminem
553 3095 803 3135 concutiatis
819 3095 828 3111 ’
850 3095 1023 3149 (Vulg.)
1038 3109 1049 3144 ;
1077 3094 1229 3147 μηδένα
1248 3094 1491 3147 διασείσητε.

307 3166 366 3193 ex
385 3159 554 3195 natura
573 3185 583 3195 .
606 3185 616 3195 .
637 3187 648 3198 .
669 3159 918 3198 domestici
937 3160 1093 3197 nostri
1112 3171 1121 3198 ε
1153 3170 1204 3198 ex
1231 3161 1391 3198 natura
1410 3159 1501 3199 will
1520 3171 1647 3198 mean
1666 3158 1773 3198 from
1791 3158 1866 3199 the

193 3215 363 3254 natural
389 3216 552 3268 enmity
580 3217 716 3257 slaves
742 3218 824 3258 feel
856 3218 1039 3258 towards
1067 3218 1181 3259 their
1203 3223 1404 3260 masters:
1434 3234 1566 3273 comp.
1599 3220 1640 3260 S.
1665 3220 1797 3260 Matt.
1819 3234 1858 3260 x,

195 3274 260 3326 36,
281 3277 292 3297 ‘
309 3276 367 3316 Et
386 3276 547 3318 inimici
563 3277 761 3331 hominis,
781 3279 998 3320 domestici
1017 3278 1137 3332 ejus?
