2124 3554
245 170 312 224 82
558 172 561 174 ’
657 172 662 174 ’
709 172 1044 227 Tertulliani
1075 172 1471 244 Apo'logetz'cua
1651 186 1769 240 [CAP.
1786 190 1925 229 XXII.

242 315 495 365 indoctum
529 316 583 364 in
618 334 763 366 usum
801 318 1051 368 maledicti
1086 316 1384 385 frequentat,
1426 339 1540 371 nam
1580 326 1631 372 et
1677 322 1924 384 Satanam‚

240 399 514 464 principem
537 400 685 464 hujus
713 401 832 450 mali
861 403 1065 465 generis,
1091 403 1295 468 proinde
1320 405 1380 453 de
1404 406 1605 470 propria
1629 406 1926 456 conscientia

240 483 446 542 animae,
465 484 632 531 eadem
651 487 1001 534 exsecramenti
1016 503 1134 535 voce
1152 488 1459 550 pronuntiat.
1495 488 1713 552 Angelos
1731 506 1924 554 quoque

241 566 392 615 etiam
422 567 563 615 Plato
586 584 685 615 non
717 568 947 632 negavit,
985 569 1246 634 utriusque
1270 571 1484 621 nominis
1507 577 1656 622 testes
1680 574 1760 623 vel
1791 573 1925 638 magi
1969 562 1971 564 ³

198 671 222 713 5
243 648 436 697 adsunt.
509 648 607 698 Sed
654 651 893 714 quomodo
940 652 1000 699 de
1046 652 1234 716 angelis
1277 654 1571 718 quibusdam
1617 672 1705 705 sua
1751 661 1924 721 sponte

239 732 485 796 corruptis
516 733 794 796 corruptior
817 751 938 798 gens
964 735 1254 784 daemonum
1277 737 1490 788 evaserit
1515 739 1743 788 damnata
1764 757 1794 788 a
1818 739 1925 788 Deo

238 833 350 863 cum
380 815 574 879 generis
601 816 900 876 auctoribus,
935 823 984 866 et
1019 836 1129 866 cum
1163 836 1219 867 eo
1255 836 1401 883 quem
1437 821 1652 871 diximus
1686 821 1922 887 principe,

237 899 372 962 apud
396 899 591 948 litteras
611 904 805 948 sanctas
825 900 994 949 ordine
1013 902 1336 965 cognoscitur.
1397 902 1448 951 N
1450 922 1544 953 unc
1564 905 1624 954 de
1643 905 1922 970 operatione

237 999 403 1030 eorum
450 982 570 1031 satis
618 981 714 1031 erit
761 1000 1017 1047 exponere.
1090 985 1326 1049 Operatio
1374 1003 1542 1035 eorum
1589 993 1666 1037 est
1710 987 1923 1036 hominis

172 1084 221 1113 10
238 1065 451 1114 eversio:
500 1065 569 1114 sic
604 1066 800 1115 malitia
835 1067 1078 1130 spiritalis
1114 1086 1144 1116 a
1179 1069 1449 1132 primordio
1485 1070 1736 1135 auspicata
1762 1074 1840 1120 est
1869 1070 1923 1118 in

236 1147 450 1197 hominis
480 1147 704 1198 exitium.
773 1149 950 1213 Itaque
985 1151 1271 1216 corporibus
1304 1152 1506 1216 quidem
1543 1159 1593 1202 et
1615 1153 1924 1202 valetudines

236 1231 472 1296 infligunt
502 1236 554 1280 et
582 1233 775 1296 aliquos
805 1250 944 1283 casus
973 1235 1184 1294 acerbos,
1211 1235 1403 1284 animae
1426 1253 1543 1285 vero
1567 1236 1850 1300 repentinos
1874 1240 1925 1286 et

235 1316 649 1364 extraordinarios
668 1333 755 1380 per
768 1317 872 1366 vim
891 1335 1130 1367 excessus.
1192 1303 1441 1384 Suppetit·
1454 1319 1554 1368 illis
1578 1320 1642 1369 ad
1664 1325 1923 1385 utramque

235 1399 564 1448 substantiam
599 1399 811 1449 hominis
847 1401 1123 1451 adeundam
1158 1402 1285 1451 mira
1327 1402 1579 1452 subtilitas
1620 1407 1672 1452 et
1705 1403 1924 1453 tenuitas

298 1540 333 1571 1.
364 1541 476 1570 nam
496 1534 543 1570 et
566 1532 801 1572 satanam.
859 1530 950 1571 The
980 1535 1072 1572 text
1102 1532 1138 1572 is
1166 1545 1272 1585 very
1291 1533 1514 1585 uncertain
1542 1534 1588 1574 in
1616 1532 1704 1574 this
1732 1546 1923 1586 passage.

190 1630 193 1632 ,
236 1590 511 1632 Tertullian's
529 1593 730 1645 meaning
750 1606 883 1634 seems
901 1590 948 1634 'to
968 1594 1021 1634 be
1039 1595 1138 1635 that
1164 1595 1298 1643 Satan
1320 1596 1357 1635 is
1377 1596 1654 1650 unwittingly
1672 1595 1859 1636 referred
1877 1600 1923 1637 to

237 1656 284 1695 in
303 1654 378 1694 the
396 1655 673 1708 maledictory
693 1657 976 1696 exclamation
997 1657 1043 1697 of
1058 1658 1132 1697 the
1155 1658 1320 1710 vulgar,
1340 1658 1509 1699 Malum
1527 1660 1545 1699 !
1566 1660 1728 1709 (eadem
1741 1673 1922 1700 exsecra-

236 1717 371 1756 menti
389 1717 519 1768 voce),
542 1718 655 1757 since
675 1718 711 1757 it
730 1719 967 1770 recognises
989 1720 999 1740 ‘
1018 1719 1105 1759 evil
1122 1717 1131 1734 ’
1161 1719 1208 1758 in
1236 1719 1310 1760 the
1338 1721 1527 1761 abstract
1547 1722 1689 1774 (apart
1708 1721 1816 1761 from
1835 1735 1922 1776 any

237 1780 411 1819 definite
440 1779 782 1820 manifestations
817 1782 865 1821 of
890 1780 993 1834 evil)
1026 1782 1112 1821 and
1139 1781 1352 1822 therefore
1381 1783 1455 1822 the
1483 1783 1582 1823 Evil
1613 1783 1716 1825 One.
1774 1784 1919 1837 Comp.

237 1842 290 1881 de
311 1845 400 1883 test.
416 1843 547 1883 anim.
570 1853 608 1892 3,
633 1845 644 1863 ‘
659 1842 865 1882 Satanam
885 1843 1071 1896 denique
1090 1844 1135 1883 in
1156 1844 1270 1883 omni
1290 1845 1558 1885 aversatione
1570 1849 1614 1885 et
1625 1847 1921 1898 aspernatione

236 1907 280 1943 et
301 1904 585 1944 detestatione
603 1905 869 1957 pronuntias,
890 1918 1016 1957 quem
1036 1918 1112 1944 nos
1133 1905 1313 1945 dicimus
1333 1907 1527 1947 malitiae
1545 1906 1771 1960 angelum‚’
1792 1914 1864 1950 etc.

293 1978 330 2017 3.
364 1968 575 2014 Angelos
589 1996 599 2006 .
618 1997 629 2007 .
647 1996 657 2008 .
677 1968 818 2007 Plato
833 1980 932 2007 non
945 1970 1151 2015 negavit.
1192 1968 1307 2009 Plat.
1322 1968 1515 2022 Sympos,
1531 1969 1580 2008 28
1598 1983 1608 2019 ;
1637 1969 1760 2023 Diog.
1776 1970 1918 2012 Laert.

234 2030 293 2070 iii.
319 2039 384 2083 79,
402 2029 529 2069 οἴεται
555 2028 598 2070 δὲ
622 2060 631 2070 .
653 2061 662 2070 .
684 2059 695 2071 .
718 2028 906 2079 δαίμονας
927 2028 1040 2072 εἶναι.
1099 2032 1184 2071 For
1202 2035 1394 2082 adsunt,
1413 2034 1555 2073 others
1574 2034 1677 2073 read
1696 2040 1891 2075 asserunt.

293 2094 330 2133 8.
362 2095 490 2140 apud
522 2095 710 2133 litteras
743 2098 945 2134 sanctas.
1002 2094 1244 2135 Tertullian
1275 2108 1320 2135 so
1354 2096 1544 2148 explains
1577 2096 1684 2137 Gen.
1710 2097 1767 2138 vi.
1804 2109 1843 2148 2,
1871 2098 1922 2138 de

235 2155 341 2196 idol.
373 2168 427 2209 9;
467 2156 520 2196 de
549 2156 662 2207 vir-y.
692 2155 768 2196 vel.
792 2163 846 2208 73
877 2156 927 2196 de
955 2156 1058 2198 cult.
1081 2158 1184 2210 fem.
1215 2157 1244 2199 i.
1277 2169 1315 2207 2,
1347 2169 1385 2208 3,
1413 2158 1555 2199 where
1583 2158 1642 2198 he
1667 2163 1818 2212 quotes
1845 2159 1921 2200 the

236 2219 356 2258 Book
376 2217 422 2257 of
437 2217 583 2258 Enoch
600 2222 646 2257 to
667 2217 739 2257 the
760 2231 875 2258 same
901 2231 1096 2270 purpose.
1153 2218 1256 2258 This
1279 2220 1609 2272 interpretation
1630 2235 1715 2261 was
1737 2222 1933 2275 adopted

234 2282 291 2334 by
310 2294 443 2334 many
462 2281 581 2333 early
599 2280 815 2324 Christian
833 2281 998 2321 writers
1022 2279 1124 2334 (and
1143 2295 1230 2322 was
1253 2282 1300 2322 in
1325 2286 1436 2334 part,
1465 2283 1658 2336 perhaps,
1680 2284 1762 2325 due
1781 2289 1827 2325 to
1845 2285 1920 2326 the

235 2343 366 2383 LXX
384 2342 526 2396 (Alex.
541 2341 660 2396 MS.)
674 2343 848 2395 reading
863 2343 900 2381 οἱ
918 2340 1093 2394 ἄγγελοι
1113 2343 1178 2383 for
1197 2342 1274 2383 υἱοὶ
1292 2344 1367 2384 τοῦ
1387 2345 1481 2384 θεοῦ
1500 2345 1547 2385 in
1565 2346 1639 2386 the
1658 2349 1751 2387 text
1770 2346 1920 2401 cited),

233 2407 313 2447 but
331 2411 407 2446 not
427 2406 485 2459 by
502 2406 578 2446 the
596 2405 810 2445 universal
829 2419 1055 2446 consensus
1085 2406 1131 2446 of
1155 2407 1349 2447 Gatholic
1368 2408 1630 2450 authorities,
1688 2410 1719 2450 J
1723 2410 1918 2468 osephus,

233 2470 339 2509 Ant.
359 2469 395 2509 J
394 2470 465 2509 ud.
487 2469 516 2508 i.
540 2480 576 2519 3,
599 2468 676 2508 has
695 2469 769 2508 the
789 2482 904 2508 same
923 2469 1275 2521 interpretation;
1304 2484 1373 2511 see
1387 2471 1477 2511 also
1494 2473 1610 2512 Just.
1633 2473 1766 2514 Mart.
1787 2473 1918 2526 Apol.

234 2535 261 2574 i.
287 2545 362 2582 213
391 2534 433 2574 ii.
458 2532 510 2580 63
539 2533 654 2573 Iren.
678 2533 771 2572 adv.
793 2532 913 2572 haer.
933 2532 989 2571 iv.
1013 2531 1080 2583 36,
1104 2540 1182 2585 70;
1205 2528 1251 2573 v.
1276 2545 1355 2586 293
1383 2534 1516 2575 Clem.
1537 2536 1662 2577 Alex,
1694 2537 1830 2576 Paed.
1855 2537 1918 2579 iii.

237 2608 258 2635 2
277 2608 288 2644 3
317 2595 475 2636 Strom.
496 2595 555 2635 iii.
577 2602 599 2646 7
616 2608 627 2643 3
655 2607 696 2634 v.
716 2606 735 2633 1
754 2608 763 2617 ·
794 2595 920 2648 prr.
943 2595 992 2635 de
1010 2595 1107 2635 hab.
1127 2597 1232 2647 vir-9.
1251 2608 1275 2648 9
1294 2609 1304 2644 ;
1336 2596 1387 2636 de
1396 2601 1496 2649 pat.
1517 2608 1562 2637 11
1585 2611 1595 2646 3
1626 2598 1701 2639 the
1720 2599 1918 2650 question

234 2660 271 2699 is
290 2658 402 2712 fully
420 2657 635 2697 discussed
662 2657 721 2710 by
739 2657 1000 2709 Augustine,
1030 2661 1191 2709 quaest.
1214 2658 1274 2697 ad
1300 2658 1403 2700 Gen.
1426 2659 1453 2700 i.
1478 2671 1531 2711 33
1560 2660 1610 2700 de
1641 2662 1718 2700 civ.
1748 2662 1833 2702 Dei
1859 2675 1916 2702 xv

238 2732 315 2771 233
344 2735 478 2773 comp.
498 2721 672 2760 Jerome
693 2722 877 2772 qaaestt.
908 2720 956 2759 in
988 2718 1089 2760 Gen.
1117 2719 1176 2761 ad
1207 2720 1283 2760 loe.
1299 2734 1310 2770 3
1340 2722 1456 2775 Orig.
1486 2725 1621 2763 contr.
1643 2723 1753 2764 Cels.
1774 2736 1814 2763 V.
1837 2734 1915 2775 55;

235 2784 332 2836 Cyr.
352 2784 478 2823 Alex.
499 2783 596 2823 adv.
616 2782 830 2835 Anthrop.
855 2789 919 2834 17.

293 2857 356 2896 13.
386 2858 619 2895 excessus,
648 2841 967 2894 ‘aberrations‚’
1003 2842 1264 2886 ‘excesses’z
1293 2845 1368 2885 the
1398 2846 1515 2886 word
1545 2846 1582 2886 is
1614 2846 1718 2886 used
1754 2847 1800 2886 in
1827 2847 1914 2888 this

234 2922 356 2948 sense
385 2909 518 2948 above
546 2908 611 2948 ch.
642 2921 682 2961 9,
710 2908 796 2948 and
823 2908 883 2959 by
901 2920 926 2946 a
953 2906 1065 2946 later
1092 2907 1258 2953 author,
1288 2907 1494 2949 Prudent.
1526 2914 1655 2949 contr.
1684 2907 1837 2961 Symm.
1868 2910 1912 2953 ii.

234 2983 330 3023 990.
388 2972 593 3012 Eaeeedere
613 2970 699 3010 and
720 2983 911 3010 excessus
929 2983 1001 3009 are
1021 2969 1139 3009 often
1158 2969 1261 3009 used
1286 2971 1531 3024 absolutely
1548 2971 1612 3011 for
1631 2972 1754 3021 mori,
1773 2985 1886 3012 ‘mors
1903 2987 1913 3021 ;

235 3047 268 3073 e.
281 3046 325 3085 9.
347 3033 410 3073 ch.
436 3045 455 3072 2
462 3044 483 3085 5
491 3062 502 3081 ‚
523 3033 570 3072 of
582 3033 659 3073 the
678 3032 809 3072 death
828 3032 875 3072 of
891 3032 1066 3072 Marcus
1085 3032 1292 3073 Aurelius
1309 3045 1321 3083 3
1349 3034 1401 3074 de
1422 3037 1508 3074 test.
1530 3045 1601 3074 an.
1623 3045 1662 3086 4.

349 3099 571 3143 Suppetit
590 3099 703 3144 illis,
724 3097 736 3117 ‘
751 3096 870 3148 gives
890 3096 1009 3135 them
1028 3093 1196 3135 access.'

345 3162 407 3199 ad
438 3163 595 3199 utram
627 3161 946 3200 substantiam
977 3160 1213 3200 hominis:
1254 3159 1284 3199 i.
1302 3171 1334 3199 e.
1365 3158 1440 3200 the
1468 3159 1681 3211 corporeal
1714 3159 1799 3201 and
1828 3162 1911 3213 spi-

232 3222 364 3264 ritual
383 3226 501 3275 parts
520 3221 567 3262 of
580 3234 692 3262 man.
1619 3233 1621 3235 ’
