<?xml version="1.0" encoding="UTF-8"?>
<!DOCTYPE html PUBLIC "-//W3C//DTD XHTML 1.0 Transitional//EN"
    "http://www.w3.org/TR/xhtml1/DTD/xhtml1-transitional.dtd">
<html xmlns="http://www.w3.org/1999/xhtml" xml:lang="en" lang="en">
 <head>
  <title>
</title>
<meta http-equiv="Content-Type" content="text/html;charset=utf-8" />
  <meta name='ocr-system' content='tesseract 3.04.00' />
  <meta name='ocr-capabilities' content='ocr_page ocr_carea ocr_par ocr_line ocrx_word'/>
</head>
<body>
  <div class='ocr_page' id='page_1' title='image "apologeticusadve00tertuoft_0078.png"; bbox 0 0 2124 3554; ppageno 0'>
   <div class='ocr_carea' id='block_1_1' title="bbox 215 221 1909 294">
    <p class='ocr_par' dir='ltr' id='par_1_1' title="bbox 215 221 1909 294">
     <span class='ocr_line' id='line_1_1' title="bbox 215 221 1909 294; baseline 0.004 -22"><span class='ocrx_word' id='word_1_1' title='bbox 215 236 288 285; x_wconf 92' lang='lat'><strong>40</strong></span> <span class='ocrx_word' id='word_1_2' title='bbox 687 221 1026 280; x_wconf 81' lang='lat' dir='ltr'><em>Tertulliani</em></span> <span class='ocrx_word' id='word_1_3' title='bbox 1057 225 1110 277; x_wconf 85' lang='lat' dir='ltr'><em>A</em></span> <span class='ocrx_word' id='word_1_4' title='bbox 1110 224 1434 294; x_wconf 79' lang='lat' dir='ltr'><strong>pologetz&#39;cus</strong></span> <span class='ocrx_word' id='word_1_5' title='bbox 1717 234 1840 288; x_wconf 61' lang='lat' dir='ltr'><strong>[cm.</strong></span> <span class='ocrx_word' id='word_1_6' title='bbox 1855 239 1909 279; x_wconf 88' lang='lat' dir='ltr'><strong>x.</strong></span> 
     </span>
    </p>
   </div>
   <div class='ocr_carea' id='block_1_2' title="bbox 147 365 1966 1763">
    <p class='ocr_par' dir='ltr' id='par_1_2' title="bbox 147 365 1966 1763">
     <span class='ocr_line' id='line_1_2' title="bbox 217 365 1906 434; baseline 0.003 -20"><span class='ocrx_word' id='word_1_7' title='bbox 217 371 378 414; x_wconf 88' lang='lat' dir='ltr'><strong>tatum</strong></span> <span class='ocrx_word' id='word_1_8' title='bbox 414 365 764 416; x_wconf 90' lang='lat' dir='ltr'><strong>instrumentis</strong></span> <span class='ocrx_word' id='word_1_9' title='bbox 797 367 1094 428; x_wconf 74' lang='lat' dir='ltr'>revincetur,</span> <span class='ocrx_word' id='word_1_10' title='bbox 1121 369 1181 418; x_wconf 91' lang='lat' dir='ltr'><strong>de</strong></span> <span class='ocrx_word' id='word_1_11' title='bbox 1218 368 1399 434; x_wconf 88' lang='lat' dir='ltr'><strong>quibus</strong></span> <span class='ocrx_word' id='word_1_12' title='bbox 1435 386 1515 419; x_wconf 89' lang='lat' dir='ltr'><strong>eos</strong></span> <span class='ocrx_word' id='word_1_13' title='bbox 1550 369 1740 431; x_wconf 87' lang='lat' dir='ltr'><strong>didicit,</strong></span> <span class='ocrx_word' id='word_1_14' title='bbox 1765 371 1906 420; x_wconf 88' lang='lat' dir='ltr'><strong>testi-</strong></span> 
     </span>
     <span class='ocr_line' id='line_1_3' title="bbox 218 448 1907 518; baseline 0.004 -21"><span class='ocrx_word' id='word_1_15' title='bbox 218 448 436 498; x_wconf 90' lang='lat' dir='ltr'><strong>monium</strong></span> <span class='ocrx_word' id='word_1_16' title='bbox 456 449 833 514; x_wconf 77' lang='lat' dir='ltr'><strong>perhibentibus</strong></span> <span class='ocrx_word' id='word_1_17' title='bbox 862 452 927 500; x_wconf 88' lang='lat' dir='ltr'><strong>ad</strong></span> <span class='ocrx_word' id='word_1_18' title='bbox 944 452 1237 501; x_wconf 91' lang='lat' dir='ltr'><strong>hodiernum</strong></span> <span class='ocrx_word' id='word_1_19' title='bbox 1262 457 1312 501; x_wconf 85' lang='lat' dir='ltr'><strong>et</strong></span> <span class='ocrx_word' id='word_1_20' title='bbox 1331 452 1631 514; x_wconf 88' lang='lat' dir='ltr'><strong>civitatibus,</strong></span> <span class='ocrx_word' id='word_1_21' title='bbox 1649 453 1703 502; x_wconf 87' lang='lat' dir='ltr'><strong>in</strong></span> <span class='ocrx_word' id='word_1_22' title='bbox 1726 453 1907 518; x_wconf 91' lang='lat' dir='ltr'><strong>quibus</strong></span> 
     </span>
     <span class='ocr_line' id='line_1_4' title="bbox 219 534 1966 604; baseline 0.003 -22"><span class='ocrx_word' id='word_1_23' title='bbox 219 534 325 583; x_wconf 87' lang='lat' dir='ltr'><strong>nati</strong></span> <span class='ocrx_word' id='word_1_24' title='bbox 360 538 492 594; x_wconf 90' lang='lat' dir='ltr'><strong>sunt,</strong></span> <span class='ocrx_word' id='word_1_25' title='bbox 517 538 567 582; x_wconf 90' lang='lat' dir='ltr'><strong>et</strong></span> <span class='ocrx_word' id='word_1_26' title='bbox 603 534 900 598; x_wconf 79' lang='lat' dir='ltr'><strong>regionibus,</strong></span> <span class='ocrx_word' id='word_1_27' title='bbox 937 535 991 583; x_wconf 93' lang='lat' dir='ltr'><strong>in</strong></span> <span class='ocrx_word' id='word_1_28' title='bbox 1027 536 1207 600; x_wconf 92' lang='lat' dir='ltr'><strong>quibus</strong></span> <span class='ocrx_word' id='word_1_29' title='bbox 1242 535 1433 600; x_wconf 90' lang='lat' dir='ltr'><strong>aliquid</strong></span> <span class='ocrx_word' id='word_1_30' title='bbox 1468 537 1660 600; x_wconf 90' lang='lat' dir='ltr'><strong>operati</strong></span> <span class='ocrx_word' id='word_1_31' title='bbox 1693 538 1908 602; x_wconf 81' lang='lat' dir='ltr'><strong>vestigia</strong></span> <span class='ocrx_word' id='word_1_32' title='bbox 1964 602 1966 604; x_wconf 12' lang='lat' dir='ltr'>v</span> 
     </span>
     <span class='ocr_line' id='line_1_5' title="bbox 220 616 1908 683; baseline 0.004 -18"><span class='ocrx_word' id='word_1_33' title='bbox 220 617 542 680; x_wconf 87' lang='lat' dir='ltr'><strong>reliquerunt,</strong></span> <span class='ocrx_word' id='word_1_34' title='bbox 587 616 641 663; x_wconf 89' lang='lat' dir='ltr'><strong>in</strong></span> <span class='ocrx_word' id='word_1_35' title='bbox 680 617 861 681; x_wconf 86' lang='lat' dir='ltr'><strong>quibus</strong></span> <span class='ocrx_word' id='word_1_36' title='bbox 902 618 1054 668; x_wconf 89' lang='lat' dir='ltr'><strong>etiam</strong></span> <span class='ocrx_word' id='word_1_37' title='bbox 1095 619 1278 683; x_wconf 79' lang='lat' dir='ltr'><strong>sepulti</strong></span> <span class='ocrx_word' id='word_1_38' title='bbox 1320 619 1733 670; x_wconf 69' lang='lat' dir='ltr'><strong>demonstrantur.</strong></span> <span class='ocrx_word' id='word_1_39' title='bbox 1801 621 1908 671; x_wconf 89' lang='lat' dir='ltr'><strong>Nec</strong></span> 
     </span>
     <span class='ocr_line' id='line_1_6' title="bbox 182 699 1907 764; baseline 0.003 -16"><span class='ocrx_word' id='word_1_40' title='bbox 182 717 312 763; x_wconf 87' lang='lat' dir='ltr'><strong>5ego</strong></span> <span class='ocrx_word' id='word_1_41' title='bbox 354 717 443 764; x_wconf 92' lang='lat' dir='ltr'><strong>per</strong></span> <span class='ocrx_word' id='word_1_42' title='bbox 481 699 700 763; x_wconf 89' lang='lat' dir='ltr'><strong>singulos</strong></span> <span class='ocrx_word' id='word_1_43' title='bbox 741 699 1012 762; x_wconf 90' lang='lat' dir='ltr'><strong>decurram,</strong></span> <span class='ocrx_word' id='word_1_44' title='bbox 1052 706 1129 750; x_wconf 90' lang='lat' dir='ltr'><strong>tot</strong></span> <span class='ocrx_word' id='word_1_45' title='bbox 1169 719 1226 750; x_wconf 90' lang='lat' dir='ltr'><strong>ac</strong></span> <span class='ocrx_word' id='word_1_46' title='bbox 1269 704 1452 762; x_wconf 87' lang='lat' dir='ltr'><strong>tantos,</strong></span> <span class='ocrx_word' id='word_1_47' title='bbox 1494 719 1659 763; x_wconf 84' lang='lat' dir='ltr'><strong>novos,</strong></span> <span class='ocrx_word' id='word_1_48' title='bbox 1701 707 1907 764; x_wconf 85' lang='lat' dir='ltr'><strong>veteres,</strong></span> 
     </span>
     <span class='ocr_line' id='line_1_7' title="bbox 221 778 1906 847; baseline 0.002 -18"><span class='ocrx_word' id='word_1_49' title='bbox 221 781 471 838; x_wconf 83' lang='lat' dir='ltr'><strong>barbarOS,</strong></span> <span class='ocrx_word' id='word_1_50' title='bbox 498 778 727 835; x_wconf 86' lang='lat' dir='ltr'><strong>Graecos,</strong></span> <span class='ocrx_word' id='word_1_51' title='bbox 765 779 1024 841; x_wconf 86' lang='lat' dir='ltr'><strong>Romanos,</strong></span> <span class='ocrx_word' id='word_1_52' title='bbox 1051 780 1351 846; x_wconf 89' lang='lat' dir='ltr'><strong>peregrinos,</strong></span> <span class='ocrx_word' id='word_1_53' title='bbox 1377 781 1608 846; x_wconf 85' lang='lat' dir='ltr'><strong>captivos,</strong></span> <span class='ocrx_word' id='word_1_54' title='bbox 1634 782 1906 847; x_wconf 86' lang='lat' dir='ltr'><strong>adoptivos,</strong></span> 
     </span>
     <span class='ocr_line' id='line_1_8' title="bbox 221 863 1906 927; baseline 0.002 -16"><span class='ocrx_word' id='word_1_55' title='bbox 221 863 457 927; x_wconf 89' lang='lat' dir='ltr'><strong>proprios,</strong></span> <span class='ocrx_word' id='word_1_56' title='bbox 502 879 793 924; x_wconf 90' lang='lat' dir='ltr'><strong>communes,</strong></span> <span class='ocrx_word' id='word_1_57' title='bbox 833 863 1088 924; x_wconf 88' lang='lat' dir='ltr'><strong>masculos,</strong></span> <span class='ocrx_word' id='word_1_58' title='bbox 1135 863 1357 924; x_wconf 88' lang='lat' dir='ltr'><strong>feminas,</strong></span> <span class='ocrx_word' id='word_1_59' title='bbox 1401 864 1626 927; x_wconf 88' lang='lat' dir='ltr'><strong>rusticos,</strong></span> <span class='ocrx_word' id='word_1_60' title='bbox 1676 866 1906 926; x_wconf 89' lang='lat' dir='ltr'><strong>urbanos,</strong></span> 
     </span>
     <span class='ocr_line' id='line_1_9' title="bbox 222 944 1907 1014; baseline 0.002 -20"><span class='ocrx_word' id='word_1_61' title='bbox 222 946 460 1004; x_wconf 86' lang='lat' dir='ltr'><strong>nauticos,</strong></span> <span class='ocrx_word' id='word_1_62' title='bbox 487 944 756 1006; x_wconf 84' lang='lat' dir='ltr'><strong>militares3</strong></span> <span class='ocrx_word' id='word_1_63' title='bbox 810 946 1024 995; x_wconf 87' lang='lat' dir='ltr'><strong>otiosum</strong></span> <span class='ocrx_word' id='word_1_64' title='bbox 1059 951 1136 995; x_wconf 88' lang='lat' dir='ltr'><strong>est</strong></span> <span class='ocrx_word' id='word_1_65' title='bbox 1171 946 1323 996; x_wconf 88' lang='lat' dir='ltr'><strong>etiam</strong></span> <span class='ocrx_word' id='word_1_66' title='bbox 1357 947 1534 998; x_wconf 84' lang='lat' dir='ltr'><strong>titulos</strong></span> <span class='ocrx_word' id='word_1_67' title='bbox 1568 949 1810 1013; x_wconf 82' lang='lat' dir='ltr'><strong>persequi,</strong></span> <span class='ocrx_word' id='word_1_68' title='bbox 1835 953 1907 1014; x_wconf 36' lang='lat' dir='ltr'><strong>&#39;ut</strong></span> 
     </span>
     <span class='ocr_line' id='line_1_10' title="bbox 222 1029 1908 1095; baseline 0.001 -17"><span class='ocrx_word' id='word_1_69' title='bbox 222 1030 449 1094; x_wconf 85' lang='lat' dir='ltr'><strong>colligam</strong></span> <span class='ocrx_word' id='word_1_70' title='bbox 489 1030 544 1078; x_wconf 90' lang='lat' dir='ltr'><strong>in</strong></span> <span class='ocrx_word' id='word_1_71' title='bbox 579 1029 938 1093; x_wconf 86' lang='lat' dir='ltr'><strong>compendium,</strong></span> <span class='ocrx_word' id='word_1_72' title='bbox 976 1034 1027 1078; x_wconf 89' lang='lat' dir='ltr'><strong>et</strong></span> <span class='ocrx_word' id='word_1_73' title='bbox 1061 1030 1153 1078; x_wconf 92' lang='lat' dir='ltr'><strong>hoc</strong></span> <span class='ocrx_word' id='word_1_74' title='bbox 1194 1047 1293 1078; x_wconf 90' lang='lat' dir='ltr'><strong>non</strong></span> <span class='ocrx_word' id='word_1_75' title='bbox 1328 1047 1426 1095; x_wconf 90' lang='lat' dir='ltr'><strong>quo</strong></span> <span class='ocrx_word' id='word_1_76' title='bbox 1467 1031 1785 1095; x_wconf 88' lang='lat' dir='ltr'><strong>cognoscatis,</strong></span> <span class='ocrx_word' id='word_1_77' title='bbox 1823 1032 1908 1082; x_wconf 85' lang='lat' dir='ltr'><strong>sed</strong></span> 
     </span>
     <span class='ocr_line' id='line_1_11' title="bbox 147 1112 1908 1177; baseline 0.002 -18"><span class='ocrx_word' id='word_1_78' title='bbox 147 1120 208 1159; x_wconf 85' lang='lat'><strong>&#39;10</strong></span> <span class='ocrx_word' id='word_1_79' title='bbox 223 1113 610 1177; x_wconf 80' lang='lat' dir='ltr'><strong>recognoscatis3</strong></span> <span class='ocrx_word' id='word_1_80' title='bbox 670 1118 802 1163; x_wconf 87' lang='lat' dir='ltr'><strong>certe</strong></span> <span class='ocrx_word' id='word_1_81' title='bbox 836 1112 968 1162; x_wconf 89' lang='lat' dir='ltr'><strong>enim</strong></span> <span class='ocrx_word' id='word_1_82' title='bbox 1004 1113 1181 1163; x_wconf 90' lang='lat' dir='ltr'><strong>oblitos</strong></span> <span class='ocrx_word' id='word_1_83' title='bbox 1215 1113 1378 1177; x_wconf 89' lang='lat' dir='ltr'><strong>agitis.</strong></span> <span class='ocrx_word' id='word_1_84' title='bbox 1465 1113 1599 1163; x_wconf 89' lang='lat' dir='ltr'><strong>Ante</strong></span> <span class='ocrx_word' id='word_1_85' title='bbox 1637 1114 1908 1165; x_wconf 76' lang='lat' dir='ltr'><strong>Saturnum</strong></span> 
     </span>
     <span class='ocr_line' id='line_1_12' title="bbox 222 1196 1909 1262; baseline 0.001 -17"><span class='ocrx_word' id='word_1_86' title='bbox 222 1197 342 1246; x_wconf 89' lang='lat' dir='ltr'><strong>deus</strong></span> <span class='ocrx_word' id='word_1_87' title='bbox 361 1214 511 1262; x_wconf 90' lang='lat' dir='ltr'><strong>penes</strong></span> <span class='ocrx_word' id='word_1_88' title='bbox 535 1214 623 1246; x_wconf 87' lang='lat' dir='ltr'><strong>vos</strong></span> <span class='ocrx_word' id='word_1_89' title='bbox 647 1213 790 1245; x_wconf 92' lang='lat' dir='ltr'><strong>nemo</strong></span> <span class='ocrx_word' id='word_1_90' title='bbox 812 1201 900 1257; x_wconf 88' lang='lat' dir='ltr'><strong>est,</strong></span> <span class='ocrx_word' id='word_1_91' title='bbox 930 1196 992 1244; x_wconf 87' lang='lat' dir='ltr'><strong>ab</strong></span> <span class='ocrx_word' id='word_1_92' title='bbox 1014 1196 1102 1246; x_wconf 92' lang='lat' dir='ltr'><strong>illo</strong></span> <span class='ocrx_word' id='word_1_93' title='bbox 1126 1214 1299 1247; x_wconf 88' lang='lat' dir='ltr'><strong>census</strong></span> <span class='ocrx_word' id='word_1_94' title='bbox 1323 1197 1479 1247; x_wconf 89' lang='lat' dir='ltr'><strong>totius</strong></span> <span class='ocrx_word' id='word_1_95' title='bbox 1497 1197 1576 1247; x_wconf 85' lang='lat' dir='ltr'><strong>vel</strong></span> <span class='ocrx_word' id='word_1_96' title='bbox 1597 1197 1804 1262; x_wconf 90' lang='lat' dir='ltr'><strong>potioris</strong></span> <span class='ocrx_word' id='word_1_97' title='bbox 1827 1198 1909 1248; x_wconf 81' lang='lat' dir='ltr'><strong>vel</strong></span> 
     </span>
     <span class='ocr_line' id='line_1_13' title="bbox 221 1280 1909 1345; baseline 0.001 -16"><span class='ocrx_word' id='word_1_98' title='bbox 221 1280 431 1331; x_wconf 89' lang='lat' dir='ltr'><strong>notioris</strong></span> <span class='ocrx_word' id='word_1_99' title='bbox 466 1280 762 1330; x_wconf 83' lang='lat' dir='ltr'><strong>divinitatis.</strong></span> <span class='ocrx_word' id='word_1_100' title='bbox 830 1281 1009 1343; x_wconf 87' lang='lat' dir='ltr'><strong>Itaque</strong></span> <span class='ocrx_word' id='word_1_101' title='bbox 1043 1281 1174 1344; x_wconf 89' lang='lat' dir='ltr'><strong>quod</strong></span> <span class='ocrx_word' id='word_1_102' title='bbox 1209 1281 1270 1330; x_wconf 89' lang='lat' dir='ltr'><strong>de</strong></span> <span class='ocrx_word' id='word_1_103' title='bbox 1305 1280 1492 1345; x_wconf 87' lang='lat' dir='ltr'><strong>origine</strong></span> <span class='ocrx_word' id='word_1_104' title='bbox 1529 1281 1822 1342; x_wconf 86' lang='lat' dir='ltr'><strong>constiterit,</strong></span> <span class='ocrx_word' id='word_1_105' title='bbox 1855 1280 1909 1330; x_wconf 85' lang='lat' dir='ltr'><strong>id</strong></span> 
     </span>
     <span class='ocr_line' id='line_1_14' title="bbox 223 1363 1908 1429; baseline 0.001 -17"><span class='ocrx_word' id='word_1_106' title='bbox 223 1365 285 1413; x_wconf 89' lang='lat' dir='ltr'><strong>de</strong></span> <span class='ocrx_word' id='word_1_107' title='bbox 330 1365 622 1429; x_wconf 73' lang='lat' dir='ltr'><strong>posteritate</strong></span> <span class='ocrx_word' id='word_1_108' title='bbox 670 1365 939 1414; x_wconf 86' lang='lat' dir='ltr'><strong>conveniet.</strong></span> <span class='ocrx_word' id='word_1_109' title='bbox 1029 1365 1298 1415; x_wconf 82' lang='lat' dir='ltr'><strong>Saturnum</strong></span> <span class='ocrx_word' id='word_1_110' title='bbox 1345 1364 1530 1429; x_wconf 88' lang='lat' dir='ltr'><strong>itaque,</strong></span> <span class='ocrx_word' id='word_1_111' title='bbox 1579 1363 1621 1414; x_wconf 88' lang='lat' dir='ltr'><strong>si</strong></span> <span class='ocrx_word' id='word_1_112' title='bbox 1667 1368 1908 1429; x_wconf 85' lang='lat' dir='ltr'><strong>quantum</strong></span> 
     </span>
     <span class='ocr_line' id='line_1_15' title="bbox 222 1447 1909 1516; baseline 0.001 -20"><span class='ocrx_word' id='word_1_113' title='bbox 222 1448 419 1498; x_wconf 86' lang='lat' dir='ltr'><strong>litterae</strong></span> <span class='ocrx_word' id='word_1_114' title='bbox 444 1449 634 1508; x_wconf 85' lang='lat' dir='ltr'><strong>docent,</strong></span> <span class='ocrx_word' id='word_1_115' title='bbox 659 1465 818 1511; x_wconf 89' lang='lat' dir='ltr'><strong>neque</strong></span> <span class='ocrx_word' id='word_1_116' title='bbox 848 1447 1093 1497; x_wconf 89' lang='lat' dir='ltr'><strong>Diodorus</strong></span> <span class='ocrx_word' id='word_1_117' title='bbox 1123 1447 1353 1506; x_wconf 83' lang='lat' dir='ltr'><strong>Graecus,</strong></span> <span class='ocrx_word' id='word_1_118' title='bbox 1379 1452 1467 1496; x_wconf 89' lang='lat' dir='ltr'><strong>aut</strong></span> <span class='ocrx_word' id='word_1_119' title='bbox 1502 1447 1719 1512; x_wconf 87' lang='lat' dir='ltr'><strong>Thallus,</strong></span> <span class='ocrx_word' id='word_1_120' title='bbox 1749 1463 1909 1516; x_wconf 87' lang='lat' dir='ltr'><strong>neque</strong></span> 
     </span>
     <span class='ocr_line' id='line_1_16' title="bbox 157 1530 1909 1596; baseline -0.001 -16"><span class='ocrx_word' id='word_1_121' title='bbox 157 1544 205 1587; x_wconf 83' lang='lat'><strong>15</strong></span> <span class='ocrx_word' id='word_1_122' title='bbox 224 1530 422 1580; x_wconf 84' lang='lat' dir='ltr'><strong>Cassius</strong></span> <span class='ocrx_word' id='word_1_123' title='bbox 452 1531 675 1590; x_wconf 86' lang='lat' dir='ltr'><strong>Severus,</strong></span> <span class='ocrx_word' id='word_1_124' title='bbox 700 1535 787 1580; x_wconf 87' lang='lat' dir='ltr'><strong>aut</strong></span> <span class='ocrx_word' id='word_1_125' title='bbox 821 1531 1081 1580; x_wconf 82' lang='lat' dir='ltr'><strong>Cornelius</strong></span> <span class='ocrx_word' id='word_1_126' title='bbox 1112 1531 1293 1595; x_wconf 89' lang='lat' dir='ltr'><strong>Nepos,</strong></span> <span class='ocrx_word' id='word_1_127' title='bbox 1318 1547 1475 1596; x_wconf 88' lang='lat' dir='ltr'><strong>neque</strong></span> <span class='ocrx_word' id='word_1_128' title='bbox 1506 1531 1636 1580; x_wconf 92' lang='lat' dir='ltr'><strong>ullus</strong></span> <span class='ocrx_word' id='word_1_129' title='bbox 1665 1548 1909 1580; x_wconf 90' lang='lat' dir='ltr'><strong>commen-</strong></span> 
     </span>
     <span class='ocr_line' id='line_1_17' title="bbox 221 1613 1906 1679; baseline -0.001 -15"><span class='ocrx_word' id='word_1_130' title='bbox 221 1619 359 1665; x_wconf 86' lang='lat' dir='ltr'><strong>tator</strong></span> <span class='ocrx_word' id='word_1_131' title='bbox 382 1614 673 1679; x_wconf 86' lang='lat' dir='ltr'><strong>ejuscemodi</strong></span> <span class='ocrx_word' id='word_1_132' title='bbox 695 1614 1057 1679; x_wconf 86' lang='lat' dir='ltr'><strong>antiquitatum</strong></span> <span class='ocrx_word' id='word_1_133' title='bbox 1080 1614 1219 1663; x_wconf 91' lang='lat' dir='ltr'><strong>aliud</strong></span> <span class='ocrx_word' id='word_1_134' title='bbox 1243 1631 1388 1678; x_wconf 86' lang='lat' dir='ltr'><strong>quam</strong></span> <span class='ocrx_word' id='word_1_135' title='bbox 1420 1614 1666 1662; x_wconf 89' lang='lat' dir='ltr'><strong>hominem</strong></span> <span class='ocrx_word' id='word_1_136' title='bbox 1690 1613 1906 1679; x_wconf 89' lang='lat' dir='ltr'><strong>promul-</strong></span> 
     </span>
     <span class='ocr_line' id='line_1_18' title="bbox 223 1696 1908 1763; baseline -0.001 -16"><span class='ocrx_word' id='word_1_137' title='bbox 223 1704 493 1763; x_wconf 87' lang='lat' dir='ltr'><strong>gaverunt;</strong></span> <span class='ocrx_word' id='word_1_138' title='bbox 531 1698 574 1747; x_wconf 88' lang='lat' dir='ltr'><strong>si</strong></span> <span class='ocrx_word' id='word_1_139' title='bbox 609 1702 849 1763; x_wconf 89' lang='lat' dir='ltr'><strong>quantum</strong></span> <span class='ocrx_word' id='word_1_140' title='bbox 884 1715 1048 1748; x_wconf 89' lang='lat' dir='ltr'><strong>rerum</strong></span> <span class='ocrx_word' id='word_1_141' title='bbox 1084 1703 1391 1762; x_wconf 81' lang='lat' dir='ltr'><strong>argumenta,</strong></span> <span class='ocrx_word' id='word_1_142' title='bbox 1428 1715 1671 1761; x_wconf 87' lang='lat' dir='ltr'><strong>nusquam</strong></span> <span class='ocrx_word' id='word_1_143' title='bbox 1706 1696 1908 1746; x_wconf 89' lang='lat' dir='ltr'><strong>invenio</strong></span> 
     </span>
    </p>
   </div>
   <div class='ocr_carea' id='block_1_3' title="bbox 219 1843 1910 2898">
    <p class='ocr_par' dir='ltr' id='par_1_3' title="bbox 219 1843 1910 2330">
     <span class='ocr_line' id='line_1_19' title="bbox 221 1843 1910 1899; baseline -0.003 -12"><span class='ocrx_word' id='word_1_144' title='bbox 221 1847 297 1887; x_wconf 82' lang='lat' dir='ltr'><strong>the</strong></span> <span class='ocrx_word' id='word_1_145' title='bbox 311 1846 416 1898; x_wconf 84' lang='lat' dir='ltr'><strong>gods</strong></span> <span class='ocrx_word' id='word_1_146' title='bbox 434 1859 549 1886; x_wconf 88' lang='lat' dir='ltr'><strong>were</strong></span> <span class='ocrx_word' id='word_1_147' title='bbox 568 1845 724 1886; x_wconf 89' lang='lat' dir='ltr'><strong>deified</strong></span> <span class='ocrx_word' id='word_1_148' title='bbox 750 1859 849 1885; x_wconf 89' lang='lat' dir='ltr'><strong>men</strong></span> <span class='ocrx_word' id='word_1_149' title='bbox 868 1859 956 1886; x_wconf 86' lang='lat' dir='ltr'><strong>was</strong></span> <span class='ocrx_word' id='word_1_150' title='bbox 978 1845 1096 1885; x_wconf 87' lang='lat' dir='ltr'><strong>often</strong></span> <span class='ocrx_word' id='word_1_151' title='bbox 1126 1845 1333 1898; x_wconf 87' lang='lat' dir='ltr'><strong>appealed</strong></span> <span class='ocrx_word' id='word_1_152' title='bbox 1359 1849 1405 1885; x_wconf 90' lang='lat' dir='ltr'><strong>to</strong></span> <span class='ocrx_word' id='word_1_153' title='bbox 1430 1845 1489 1899; x_wconf 93' lang='lat' dir='ltr'><strong>by</strong></span> <span class='ocrx_word' id='word_1_154' title='bbox 1507 1844 1724 1885; x_wconf 83' lang='lat' dir='ltr'><strong>Christian</strong></span> <span class='ocrx_word' id='word_1_155' title='bbox 1741 1843 1910 1884; x_wconf 85' lang='lat' dir='ltr'><strong>writers</strong></span> 
     </span>
     <span class='ocr_line' id='line_1_20' title="bbox 219 1910 1908 1965; baseline -0.002 -12"><span class='ocrx_word' id='word_1_156' title='bbox 219 1915 266 1953; x_wconf 91' lang='lat' dir='ltr'><strong>in</strong></span> <span class='ocrx_word' id='word_1_157' title='bbox 283 1913 397 1953; x_wconf 86' lang='lat' dir='ltr'><strong>their</strong></span> <span class='ocrx_word' id='word_1_158' title='bbox 414 1915 662 1964; x_wconf 86' lang='lat' dir='ltr'><strong>arguments</strong></span> <span class='ocrx_word' id='word_1_159' title='bbox 682 1912 852 1964; x_wconf 87' lang='lat' dir='ltr'><strong>against</strong></span> <span class='ocrx_word' id='word_1_160' title='bbox 871 1911 948 1952; x_wconf 89' lang='lat' dir='ltr'><strong>the</strong></span> <span class='ocrx_word' id='word_1_161' title='bbox 970 1925 1109 1964; x_wconf 87' lang='lat' dir='ltr'><strong>pagan</strong></span> <span class='ocrx_word' id='word_1_162' title='bbox 1127 1912 1379 1965; x_wconf 81' lang='lat' dir='ltr'><strong>mythology</strong></span> <span class='ocrx_word' id='word_1_163' title='bbox 1396 1925 1405 1952; x_wconf 77' lang='grc' dir='ltr'>ε</span> <span class='ocrx_word' id='word_1_164' title='bbox 1443 1924 1478 1952; x_wconf 85' lang='lat' dir='ltr'><strong>e.</strong></span> <span class='ocrx_word' id='word_1_165' title='bbox 1492 1924 1536 1963; x_wconf 72' lang='lat' dir='ltr'><strong>y.</strong></span> <span class='ocrx_word' id='word_1_166' title='bbox 1559 1911 1670 1950; x_wconf 88' lang='lat' dir='ltr'><strong>Min.</strong></span> <span class='ocrx_word' id='word_1_167' title='bbox 1691 1910 1816 1950; x_wconf 89' lang='lat' dir='ltr'><strong>Felix</strong></span> <span class='ocrx_word' id='word_1_168' title='bbox 1831 1921 1878 1949; x_wconf 85' lang='lat'><strong>21</strong></span> <span class='ocrx_word' id='word_1_169' title='bbox 1896 1922 1908 1959; x_wconf 80' lang='lat'>3</span> 
     </span>
     <span class='ocr_line' id='line_1_21' title="bbox 219 1973 1908 2028; baseline -0.002 -12"><span class='ocrx_word' id='word_1_170' title='bbox 219 1975 404 2028; x_wconf 85' lang='lat' dir='ltr'><strong>Theoph.</strong></span> <span class='ocrx_word' id='word_1_171' title='bbox 439 1975 498 2014; x_wconf 83' lang='lat' dir='ltr'><strong>ad</strong></span> <span class='ocrx_word' id='word_1_172' title='bbox 527 1973 681 2014; x_wconf 80' lang='lat' dir='ltr'><strong>Autol.</strong></span> <span class='ocrx_word' id='word_1_173' title='bbox 711 1974 739 2014; x_wconf 91' lang='lat' dir='ltr'><strong>i.</strong></span> <span class='ocrx_word' id='word_1_174' title='bbox 774 1982 825 2026; x_wconf 82' lang='lat'><strong>73</strong></span> <span class='ocrx_word' id='word_1_175' title='bbox 856 1974 985 2014; x_wconf 86' lang='lat' dir='ltr'><strong>Clem.</strong></span> <span class='ocrx_word' id='word_1_176' title='bbox 1023 1973 1150 2013; x_wconf 87' lang='lat' dir='ltr'><strong>Alex.</strong></span> <span class='ocrx_word' id='word_1_177' title='bbox 1191 1973 1362 2014; x_wconf 76' lang='lat' dir='ltr'><strong>Cohort.</strong></span> <span class='ocrx_word' id='word_1_178' title='bbox 1396 1985 1431 2024; x_wconf 88' lang='lat'><strong>2,</strong></span> <span class='ocrx_word' id='word_1_179' title='bbox 1462 1986 1514 2025; x_wconf 90' lang='lat'><strong>4;</strong></span> <span class='ocrx_word' id='word_1_180' title='bbox 1544 1973 1740 2013; x_wconf 80' lang='lat' dir='ltr'><strong>Lactant.</strong></span> <span class='ocrx_word' id='word_1_181' title='bbox 1770 1973 1799 2012; x_wconf 89' lang='lat' dir='ltr'><strong>i.</strong></span> <span class='ocrx_word' id='word_1_182' title='bbox 1830 1982 1908 2020; x_wconf 84' lang='lat'><strong>113</strong></span> 
     </span>
     <span class='ocr_line' id='line_1_22' title="bbox 220 2034 1908 2091; baseline -0.002 -13"><span class='ocrx_word' id='word_1_183' title='bbox 220 2039 334 2091; x_wconf 88' lang='lat' dir='ltr'><strong>Aug.</strong></span> <span class='ocrx_word' id='word_1_184' title='bbox 356 2037 409 2077; x_wconf 83' lang='lat' dir='ltr'><strong>de</strong></span> <span class='ocrx_word' id='word_1_185' title='bbox 430 2038 510 2076; x_wconf 79' lang='lat' dir='ltr'><strong>civ.</strong></span> <span class='ocrx_word' id='word_1_186' title='bbox 531 2035 615 2077; x_wconf 71' lang='lat' dir='ltr'><strong>Dei</strong></span> <span class='ocrx_word' id='word_1_187' title='bbox 634 2036 691 2076; x_wconf 86' lang='lat' dir='ltr'><strong>vi.</strong></span> <span class='ocrx_word' id='word_1_188' title='bbox 716 2043 738 2088; x_wconf 84' lang='lat'><strong>7</strong></span> <span class='ocrx_word' id='word_1_189' title='bbox 756 2049 767 2086; x_wconf 81' lang='lat'><em>3</em></span> <span class='ocrx_word' id='word_1_190' title='bbox 797 2035 869 2075; x_wconf 89' lang='lat' dir='ltr'><strong>vii.</strong></span> <span class='ocrx_word' id='word_1_191' title='bbox 895 2035 971 2084; x_wconf 83' lang='lat'><strong>263</strong></span> <span class='ocrx_word' id='word_1_192' title='bbox 1001 2049 1134 2088; x_wconf 88' lang='lat' dir='ltr'><strong>comp.</strong></span> <span class='ocrx_word' id='word_1_193' title='bbox 1157 2036 1305 2076; x_wconf 88' lang='lat' dir='ltr'><strong>Cicero</strong></span> <span class='ocrx_word' id='word_1_194' title='bbox 1336 2035 1388 2075; x_wconf 84' lang='lat' dir='ltr'><strong>de</strong></span> <span class='ocrx_word' id='word_1_195' title='bbox 1406 2038 1498 2075; x_wconf 75' lang='lat' dir='ltr'><strong>nat.</strong></span> <span class='ocrx_word' id='word_1_196' title='bbox 1518 2035 1631 2075; x_wconf 81' lang='lat' dir='ltr'><strong>deor.</strong></span> <span class='ocrx_word' id='word_1_197' title='bbox 1653 2035 1698 2075; x_wconf 80' lang='lat' dir='ltr'><strong>ii,</strong></span> <span class='ocrx_word' id='word_1_198' title='bbox 1719 2047 1787 2087; x_wconf 89' lang='lat'><strong>42,</strong></span> <span class='ocrx_word' id='word_1_199' title='bbox 1810 2034 1908 2075; x_wconf 87' lang='lat' dir='ltr'><strong>‘Ab</strong></span> 
     </span>
     <span class='ocr_line' id='line_1_23' title="bbox 220 2095 1909 2150; baseline -0.002 -10"><span class='ocrx_word' id='word_1_200' title='bbox 220 2101 460 2141; x_wconf 89' lang='lat' dir='ltr'><strong>Euhemero</strong></span> <span class='ocrx_word' id='word_1_201' title='bbox 498 2103 643 2139; x_wconf 89' lang='lat' dir='ltr'><strong>autem</strong></span> <span class='ocrx_word' id='word_1_202' title='bbox 682 2102 727 2139; x_wconf 89' lang='lat' dir='ltr'><strong>et</strong></span> <span class='ocrx_word' id='word_1_203' title='bbox 765 2102 922 2138; x_wconf 89' lang='lat' dir='ltr'><strong>mortes</strong></span> <span class='ocrx_word' id='word_1_204' title='bbox 961 2102 1005 2137; x_wconf 87' lang='lat' dir='ltr'><strong>et</strong></span> <span class='ocrx_word' id='word_1_205' title='bbox 1044 2098 1289 2150; x_wconf 87' lang='lat' dir='ltr'><strong>sepulturae</strong></span> <span class='ocrx_word' id='word_1_206' title='bbox 1328 2098 1674 2138; x_wconf 83' lang='lat' dir='ltr'><strong>demonstrantur</strong></span> <span class='ocrx_word' id='word_1_207' title='bbox 1706 2095 1909 2138; x_wconf 64' lang='lat' dir='ltr'><strong>deorum!</strong></span> 
     </span>
     <span class='ocr_line' id='line_1_24' title="bbox 222 2160 1908 2214; baseline -0.002 -11"><span class='ocrx_word' id='word_1_208' title='bbox 222 2164 350 2204; x_wconf 85' lang='lat' dir='ltr'><strong>From</strong></span> <span class='ocrx_word' id='word_1_209' title='bbox 379 2175 406 2201; x_wconf 90' lang='lat' dir='ltr'><strong>a</strong></span> <span class='ocrx_word' id='word_1_210' title='bbox 433 2175 574 2214; x_wconf 85' lang='lat' dir='ltr'><strong>pagan</strong></span> <span class='ocrx_word' id='word_1_211' title='bbox 601 2161 723 2214; x_wconf 90' lang='lat' dir='ltr'><strong>point</strong></span> <span class='ocrx_word' id='word_1_212' title='bbox 752 2160 800 2200; x_wconf 90' lang='lat' dir='ltr'><strong>of</strong></span> <span class='ocrx_word' id='word_1_213' title='bbox 814 2161 924 2201; x_wconf 86' lang='lat' dir='ltr'><strong>view</strong></span> <span class='ocrx_word' id='word_1_214' title='bbox 953 2160 1028 2200; x_wconf 89' lang='lat' dir='ltr'><strong>the</strong></span> <span class='ocrx_word' id='word_1_215' title='bbox 1056 2160 1188 2200; x_wconf 90' lang='lat' dir='ltr'><strong>books</strong></span> <span class='ocrx_word' id='word_1_216' title='bbox 1217 2160 1263 2200; x_wconf 90' lang='lat' dir='ltr'><strong>of</strong></span> <span class='ocrx_word' id='word_1_217' title='bbox 1288 2160 1551 2200; x_wconf 82' lang='lat' dir='ltr'><strong>Euhemerus</strong></span> <span class='ocrx_word' id='word_1_218' title='bbox 1569 2174 1681 2200; x_wconf 89' lang='lat' dir='ltr'><strong>were</strong></span> <span class='ocrx_word' id='word_1_219' title='bbox 1709 2160 1908 2212; x_wconf 84' lang='lat' dir='ltr'><strong>sceptical</strong></span> 
     </span>
     <span class='ocr_line' id='line_1_25' title="bbox 219 2222 1909 2275; baseline -0.001 -10"><span class='ocrx_word' id='word_1_220' title='bbox 219 2226 307 2266; x_wconf 88' lang='lat' dir='ltr'><strong>and</strong></span> <span class='ocrx_word' id='word_1_221' title='bbox 325 2224 617 2270; x_wconf 72' lang='lat' dir='ltr'><strong>rationalistio,</strong></span> <span class='ocrx_word' id='word_1_222' title='bbox 638 2223 718 2263; x_wconf 91' lang='lat' dir='ltr'><strong>but</strong></span> <span class='ocrx_word' id='word_1_223' title='bbox 736 2223 853 2264; x_wconf 91' lang='lat' dir='ltr'><strong>their</strong></span> <span class='ocrx_word' id='word_1_224' title='bbox 870 2222 1118 2275; x_wconf 86' lang='lat' dir='ltr'><strong>popularity</strong></span> <span class='ocrx_word' id='word_1_225' title='bbox 1132 2236 1221 2264; x_wconf 89' lang='lat' dir='ltr'><strong>was</strong></span> <span class='ocrx_word' id='word_1_226' title='bbox 1239 2226 1374 2275; x_wconf 85' lang='lat' dir='ltr'><strong>great,</strong></span> <span class='ocrx_word' id='word_1_227' title='bbox 1391 2222 1478 2263; x_wconf 84' lang='lat' dir='ltr'><strong>and</strong></span> <span class='ocrx_word' id='word_1_228' title='bbox 1491 2223 1657 2263; x_wconf 89' lang='lat' dir='ltr'><strong>Ennius</strong></span> <span class='ocrx_word' id='word_1_229' title='bbox 1670 2222 1909 2263; x_wconf 81' lang='lat' dir='ltr'><strong>translated</strong></span> 
     </span>
     <span class='ocr_line' id='line_1_26' title="bbox 219 2286 610 2330; baseline -0.01 -1"><span class='ocrx_word' id='word_1_230' title='bbox 219 2288 337 2330; x_wconf 89' lang='lat' dir='ltr'><strong>them</strong></span> <span class='ocrx_word' id='word_1_231' title='bbox 356 2288 449 2327; x_wconf 89' lang='lat' dir='ltr'><strong>into</strong></span> <span class='ocrx_word' id='word_1_232' title='bbox 467 2286 610 2326; x_wconf 86' lang='lat' dir='ltr'><strong>Latin.</strong></span> 
     </span>
    </p>

    <p class='ocr_par' dir='ltr' id='par_1_4' title="bbox 219 2346 1908 2522">
     <span class='ocr_line' id='line_1_27' title="bbox 283 2346 1908 2400; baseline -0.002 -10"><span class='ocrx_word' id='word_1_233' title='bbox 283 2363 316 2390; x_wconf 91' lang='lat'><strong>1.</strong></span> <span class='ocrx_word' id='word_1_234' title='bbox 346 2350 678 2389; x_wconf 88' lang='lat' dir='ltr'><strong>testimonium</strong></span> <span class='ocrx_word' id='word_1_235' title='bbox 711 2350 1035 2395; x_wconf 80' lang='lat' dir='ltr'><strong>perhibentes.</strong></span> <span class='ocrx_word' id='word_1_236' title='bbox 1102 2347 1192 2387; x_wconf 86' lang='lat' dir='ltr'><strong>The</strong></span> <span class='ocrx_word' id='word_1_237' title='bbox 1229 2347 1441 2388; x_wconf 88' lang='lat' dir='ltr'><strong>technical</strong></span> <span class='ocrx_word' id='word_1_238' title='bbox 1478 2347 1590 2400; x_wconf 87' lang='lat' dir='ltr'><strong>legal</strong></span> <span class='ocrx_word' id='word_1_239' title='bbox 1632 2346 1792 2399; x_wconf 85' lang='lat' dir='ltr'><strong>phrase,</strong></span> <span class='ocrx_word' id='word_1_240' title='bbox 1837 2352 1847 2369; x_wconf 91' lang='lat'>‘</span> <span class='ocrx_word' id='word_1_241' title='bbox 1861 2351 1908 2387; x_wconf 89' lang='lat' dir='ltr'><strong>to</strong></span> 
     </span>
     <span class='ocr_line' id='line_1_28' title="bbox 219 2409 1905 2463; baseline -0.002 -10"><span class='ocrx_word' id='word_1_242' title='bbox 219 2413 325 2453; x_wconf 84' lang='lat' dir='ltr'><strong>bear</strong></span> <span class='ocrx_word' id='word_1_243' title='bbox 348 2409 568 2460; x_wconf 83' lang='lat' dir='ltr'><strong>witness&#39;3</strong></span> <span class='ocrx_word' id='word_1_244' title='bbox 598 2410 685 2450; x_wconf 88' lang='lat' dir='ltr'><strong>and</strong></span> <span class='ocrx_word' id='word_1_245' title='bbox 704 2423 751 2450; x_wconf 90' lang='lat' dir='ltr'><strong>so</strong></span> <span class='ocrx_word' id='word_1_246' title='bbox 772 2409 875 2449; x_wconf 87' lang='lat' dir='ltr'><strong>used</strong></span> <span class='ocrx_word' id='word_1_247' title='bbox 895 2409 937 2449; x_wconf 83' lang='lat' dir='ltr'><strong>S.</strong></span> <span class='ocrx_word' id='word_1_248' title='bbox 957 2409 1077 2450; x_wconf 85' lang='lat' dir='ltr'><strong>John</strong></span> <span class='ocrx_word' id='word_1_249' title='bbox 1095 2410 1124 2451; x_wconf 91' lang='lat' dir='ltr'><strong>i.</strong></span> <span class='ocrx_word' id='word_1_250' title='bbox 1148 2411 1172 2450; x_wconf 92' lang='lat'>8</span> <span class='ocrx_word' id='word_1_251' title='bbox 1195 2410 1384 2463; x_wconf 83' lang='lat' dir='ltr'><strong>(Vulg.)‚</strong></span> <span class='ocrx_word' id='word_1_252' title='bbox 1407 2412 1420 2432; x_wconf 90' lang='lat'>‘</span> <span class='ocrx_word' id='word_1_253' title='bbox 1436 2413 1487 2450; x_wconf 92' lang='lat' dir='ltr'><strong>ut</strong></span> <span class='ocrx_word' id='word_1_254' title='bbox 1504 2409 1797 2450; x_wconf 90' lang='lat' dir='ltr'><strong>testimonium</strong></span> <span class='ocrx_word' id='word_1_255' title='bbox 1815 2423 1905 2462; x_wconf 84' lang='lat' dir='ltr'><strong>per·-</strong></span> 
     </span>
     <span class='ocr_line' id='line_1_29' title="bbox 220 2470 1020 2522; baseline -0.006 -7"><span class='ocrx_word' id='word_1_256' title='bbox 220 2476 387 2516; x_wconf 86' lang='lat' dir='ltr'><strong>hiberet</strong></span> <span class='ocrx_word' id='word_1_257' title='bbox 406 2474 458 2513; x_wconf 90' lang='lat' dir='ltr'><strong>de</strong></span> <span class='ocrx_word' id='word_1_258' title='bbox 478 2473 641 2512; x_wconf 86' lang='lat' dir='ltr'><strong>lumine</strong></span> <span class='ocrx_word' id='word_1_259' title='bbox 654 2470 665 2489; x_wconf 92' lang='lat'>&#39;</span> <span class='ocrx_word' id='word_1_260' title='bbox 683 2485 694 2521; x_wconf 81' lang='lat'><em>3</em></span> <span class='ocrx_word' id='word_1_261' title='bbox 723 2485 765 2511; x_wconf 87' lang='lat' dir='ltr'><strong>v.</strong></span> <span class='ocrx_word' id='word_1_262' title='bbox 790 2483 843 2522; x_wconf 83' lang='lat'><strong>30</strong></span> <span class='ocrx_word' id='word_1_263' title='bbox 862 2471 922 2522; x_wconf 87' lang='lat' dir='ltr'><strong>ff.,</strong></span> <span class='ocrx_word' id='word_1_264' title='bbox 944 2477 1020 2511; x_wconf 79' lang='lat' dir='ltr'><strong>ete.</strong></span> 
     </span>
    </p>

    <p class='ocr_par' dir='ltr' id='par_1_5' title="bbox 277 2534 945 2584">
     <span class='ocr_line' id='line_1_30' title="bbox 277 2534 945 2584; baseline -0.004 -9"><span class='ocrx_word' id='word_1_265' title='bbox 277 2537 314 2575; x_wconf 90' lang='lat'><strong>8.</strong></span> <span class='ocrx_word' id='word_1_266' title='bbox 345 2539 529 2576; x_wconf 89' lang='lat' dir='ltr'><strong>titulos.</strong></span> <span class='ocrx_word' id='word_1_267' title='bbox 587 2535 667 2575; x_wconf 86' lang='lat' dir='ltr'><strong>See</strong></span> <span class='ocrx_word' id='word_1_268' title='bbox 686 2538 801 2584; x_wconf 89' lang='lat' dir='ltr'><strong>note,</strong></span> <span class='ocrx_word' id='word_1_269' title='bbox 821 2534 885 2574; x_wconf 91' lang='lat' dir='ltr'><strong>ch.</strong></span> <span class='ocrx_word' id='word_1_270' title='bbox 910 2545 945 2573; x_wconf 94' lang='lat'><strong>1.</strong></span> 
     </span>
    </p>

    <p class='ocr_par' dir='ltr' id='par_1_6' title="bbox 220 2594 1906 2713">
     <span class='ocr_line' id='line_1_31' title="bbox 282 2594 1906 2650; baseline -0.001 -14"><span class='ocrx_word' id='word_1_271' title='bbox 282 2609 344 2639; x_wconf 91' lang='lat'><strong>10.</strong></span> <span class='ocrx_word' id='word_1_272' title='bbox 375 2601 549 2638; x_wconf 88' lang='lat' dir='ltr'><strong>oblitos</strong></span> <span class='ocrx_word' id='word_1_273' title='bbox 569 2600 723 2645; x_wconf 83' lang='lat' dir='ltr'><strong>agitis.</strong></span> <span class='ocrx_word' id='word_1_274' title='bbox 783 2597 930 2649; x_wconf 83' lang='lat' dir='ltr'><strong>Gomp.</strong></span> <span class='ocrx_word' id='word_1_275' title='bbox 953 2596 1018 2636; x_wconf 87' lang='lat' dir='ltr'><strong>ch.</strong></span> <span class='ocrx_word' id='word_1_276' title='bbox 1040 2603 1105 2648; x_wconf 82' lang='lat'><strong>37,</strong></span> <span class='ocrx_word' id='word_1_277' title='bbox 1129 2596 1294 2637; x_wconf 89' lang='lat' dir='ltr'><strong>‘hostes</strong></span> <span class='ocrx_word' id='word_1_278' title='bbox 1323 2600 1510 2637; x_wconf 88' lang='lat' dir='ltr'><strong>exsertos</strong></span> <span class='ocrx_word' id='word_1_279' title='bbox 1536 2594 1691 2650; x_wconf 86' lang='lat' dir='ltr'><strong>agere,&#39;</strong></span> <span class='ocrx_word' id='word_1_280' title='bbox 1711 2598 1723 2618; x_wconf 91' lang='lat'>‘</span> <span class='ocrx_word' id='word_1_281' title='bbox 1737 2600 1807 2637; x_wconf 86' lang='lat' dir='ltr'><strong>act</strong></span> <span class='ocrx_word' id='word_1_282' title='bbox 1831 2595 1906 2635; x_wconf 88' lang='lat' dir='ltr'><strong>the</strong></span> 
     </span>
     <span class='ocr_line' id='line_1_32' title="bbox 220 2656 810 2713; baseline -0.002 -14"><span class='ocrx_word' id='word_1_283' title='bbox 220 2665 319 2713; x_wconf 88' lang='lat' dir='ltr'><strong>part</strong></span> <span class='ocrx_word' id='word_1_284' title='bbox 338 2660 384 2700; x_wconf 87' lang='lat' dir='ltr'><strong>of</strong></span> <span class='ocrx_word' id='word_1_285' title='bbox 400 2660 577 2700; x_wconf 86' lang='lat' dir='ltr'><strong>avowed</strong></span> <span class='ocrx_word' id='word_1_286' title='bbox 597 2656 810 2699; x_wconf 81' lang='lat' dir='ltr'><strong>enemies.&#39;</strong></span> 
     </span>
    </p>

    <p class='ocr_par' dir='ltr' id='par_1_7' title="bbox 280 2720 942 2773">
     <span class='ocr_line' id='line_1_33' title="bbox 280 2720 942 2773; baseline 0 -13"><span class='ocrx_word' id='word_1_287' title='bbox 280 2733 296 2760; x_wconf 92' lang='lat'>1</span> <span class='ocrx_word' id='word_1_288' title='bbox 309 2734 342 2761; x_wconf 91' lang='lat'><strong>1.</strong></span> <span class='ocrx_word' id='word_1_289' title='bbox 373 2734 541 2762; x_wconf 87' lang='lat' dir='ltr'><strong>census</strong></span> <span class='ocrx_word' id='word_1_290' title='bbox 560 2736 569 2761; x_wconf 93' lang='lat'>:</span> <span class='ocrx_word' id='word_1_291' title='bbox 597 2734 667 2761; x_wconf 87' lang='lat' dir='ltr'><strong>see</strong></span> <span class='ocrx_word' id='word_1_292' title='bbox 685 2725 801 2771; x_wconf 88' lang='lat' dir='ltr'><strong>note,</strong></span> <span class='ocrx_word' id='word_1_293' title='bbox 821 2720 885 2761; x_wconf 90' lang='lat' dir='ltr'><strong>ch.</strong></span> <span class='ocrx_word' id='word_1_294' title='bbox 905 2729 942 2773; x_wconf 86' lang='lat'><strong>7.</strong></span> 
     </span>
    </p>

    <p class='ocr_par' dir='ltr' id='par_1_8' title="bbox 284 2782 1502 2834">
     <span class='ocr_line' id='line_1_34' title="bbox 284 2782 1502 2834; baseline -0.002 -10"><span class='ocrx_word' id='word_1_295' title='bbox 284 2795 347 2834; x_wconf 84' lang='lat'><strong>13.</strong></span> <span class='ocrx_word' id='word_1_296' title='bbox 382 2787 642 2824; x_wconf 81' lang='lat' dir='ltr'><strong>Saturnum</strong></span> <span class='ocrx_word' id='word_1_297' title='bbox 661 2786 836 2830; x_wconf 80' lang='lat' dir='ltr'><strong>itaque.</strong></span> <span class='ocrx_word' id='word_1_298' title='bbox 894 2782 1004 2822; x_wconf 88' lang='lat' dir='ltr'><strong>Min.</strong></span> <span class='ocrx_word' id='word_1_299' title='bbox 1026 2782 1116 2823; x_wconf 84' lang='lat' dir='ltr'><strong>Fel.</strong></span> <span class='ocrx_word' id='word_1_300' title='bbox 1141 2793 1217 2832; x_wconf 82' lang='lat'><strong>223</strong></span> <span class='ocrx_word' id='word_1_301' title='bbox 1246 2782 1364 2823; x_wconf 83' lang='lat' dir='ltr'><strong>Lact.</strong></span> <span class='ocrx_word' id='word_1_302' title='bbox 1386 2782 1414 2822; x_wconf 89' lang='lat' dir='ltr'><strong>i.</strong></span> <span class='ocrx_word' id='word_1_303' title='bbox 1439 2792 1502 2833; x_wconf 83' lang='lat'><strong>13.</strong></span> 
     </span>
    </p>

    <p class='ocr_par' dir='ltr' id='par_1_9' title="bbox 284 2845 1033 2898">
     <span class='ocr_line' id='line_1_35' title="bbox 284 2845 1033 2898; baseline 0 -13"><span class='ocrx_word' id='word_1_304' title='bbox 284 2858 347 2898; x_wconf 86' lang='lat'><strong>14.</strong></span> <span class='ocrx_word' id='word_1_305' title='bbox 379 2848 591 2886; x_wconf 72' lang='lat' dir='ltr'><strong>Thallus.</strong></span> <span class='ocrx_word' id='word_1_306' title='bbox 650 2845 729 2885; x_wconf 86' lang='lat' dir='ltr'><strong>See</strong></span> <span class='ocrx_word' id='word_1_307' title='bbox 747 2849 860 2892; x_wconf 83' lang='lat' dir='ltr'><strong>note,</strong></span> <span class='ocrx_word' id='word_1_308' title='bbox 879 2845 945 2884; x_wconf 85' lang='lat' dir='ltr'><strong>ch.</strong></span> <span class='ocrx_word' id='word_1_309' title='bbox 968 2855 1033 2896; x_wconf 87' lang='lat'><strong>19.</strong></span> 
     </span>
    </p>
   </div>
   <div class='ocr_carea' id='block_1_4' title="bbox 286 2904 1968 2959">
    <p class='ocr_par' dir='ltr' id='par_1_10' title="bbox 286 2904 1968 2959">
     <span class='ocr_line' id='line_1_36' title="bbox 286 2904 1968 2959; baseline -0.001 -12"><span class='ocrx_word' id='word_1_310' title='bbox 286 2919 302 2947; x_wconf 83' lang='lat'>1</span> <span class='ocrx_word' id='word_1_311' title='bbox 313 2919 349 2959; x_wconf 86' lang='lat'><strong>5.</strong></span> <span class='ocrx_word' id='word_1_312' title='bbox 380 2910 575 2948; x_wconf 81' lang='lat' dir='ltr'><strong>Cassius</strong></span> <span class='ocrx_word' id='word_1_313' title='bbox 600 2911 822 2948; x_wconf 83' lang='lat' dir='ltr'><strong>Severus.</strong></span> <span class='ocrx_word' id='word_1_314' title='bbox 869 2907 963 2947; x_wconf 91' lang='lat' dir='ltr'><strong>Not</strong></span> <span class='ocrx_word' id='word_1_315' title='bbox 981 2906 1151 2946; x_wconf 86' lang='lat' dir='ltr'><strong>Cassius</strong></span> <span class='ocrx_word' id='word_1_316' title='bbox 1170 2906 1366 2955; x_wconf 87' lang='lat' dir='ltr'><strong>Severus,</strong></span> <span class='ocrx_word' id='word_1_317' title='bbox 1381 2905 1456 2946; x_wconf 84' lang='lat' dir='ltr'><strong>the</strong></span> <span class='ocrx_word' id='word_1_318' title='bbox 1468 2904 1632 2945; x_wconf 85' lang='lat' dir='ltr'><strong>satirist</strong></span> <span class='ocrx_word' id='word_1_319' title='bbox 1651 2904 1736 2945; x_wconf 85' lang='lat' dir='ltr'><strong>and</strong></span> <span class='ocrx_word' id='word_1_320' title='bbox 1754 2909 1908 2952; x_wconf 81' lang='lat' dir='ltr'><strong>orator,</strong></span> <span class='ocrx_word' id='word_1_321' title='bbox 1962 2909 1968 2918; x_wconf 96' lang='grc'><em>“</em></span> 
     </span>
    </p>
   </div>
   <div class='ocr_carea' id='block_1_5' title="bbox 226 2967 1910 3322">
    <p class='ocr_par' dir='ltr' id='par_1_11' title="bbox 226 2967 1910 3135">
     <span class='ocr_line' id='line_1_37' title="bbox 226 2967 1904 3023; baseline -0.002 -13"><span class='ocrx_word' id='word_1_322' title='bbox 226 2970 321 3010; x_wconf 88' lang='lat' dir='ltr'><strong>who</strong></span> <span class='ocrx_word' id='word_1_323' title='bbox 340 2984 427 3010; x_wconf 87' lang='lat' dir='ltr'><strong>was</strong></span> <span class='ocrx_word' id='word_1_324' title='bbox 446 2970 654 3010; x_wconf 89' lang='lat' dir='ltr'><strong>banished</strong></span> <span class='ocrx_word' id='word_1_325' title='bbox 672 2970 731 3023; x_wconf 90' lang='lat' dir='ltr'><strong>by</strong></span> <span class='ocrx_word' id='word_1_326' title='bbox 751 2971 975 3022; x_wconf 88' lang='lat' dir='ltr'><strong>Augustus</strong></span> <span class='ocrx_word' id='word_1_327' title='bbox 1004 2969 1090 3009; x_wconf 91' lang='lat' dir='ltr'><strong>and</strong></span> <span class='ocrx_word' id='word_1_328' title='bbox 1110 2968 1208 3008; x_wconf 89' lang='lat' dir='ltr'><strong>died</strong></span> <span class='ocrx_word' id='word_1_329' title='bbox 1226 2979 1325 3009; x_wconf 82' lang='lat' dir='ltr'><strong>A.D.</strong></span> <span class='ocrx_word' id='word_1_330' title='bbox 1347 2980 1415 3019; x_wconf 84' lang='lat'><strong>33,</strong></span> <span class='ocrx_word' id='word_1_331' title='bbox 1444 2969 1524 3008; x_wconf 92' lang='lat' dir='ltr'><strong>but</strong></span> <span class='ocrx_word' id='word_1_332' title='bbox 1550 2967 1707 3008; x_wconf 90' lang='lat' dir='ltr'><strong>Lucius</strong></span> <span class='ocrx_word' id='word_1_333' title='bbox 1736 2968 1904 3008; x_wconf 84' lang='lat' dir='ltr'><strong>Cassius</strong></span> 
     </span>
     <span class='ocr_line' id='line_1_38' title="bbox 227 3031 1910 3085; baseline -0.002 -12"><span class='ocrx_word' id='word_1_334' title='bbox 227 3033 429 3082; x_wconf 86' lang='lat' dir='ltr'><strong>Hemina,</strong></span> <span class='ocrx_word' id='word_1_335' title='bbox 464 3046 491 3072; x_wconf 86' lang='lat' dir='ltr'><strong>a</strong></span> <span class='ocrx_word' id='word_1_336' title='bbox 523 3033 690 3073; x_wconf 85' lang='lat' dir='ltr'><strong>Roman</strong></span> <span class='ocrx_word' id='word_1_337' title='bbox 723 3033 911 3074; x_wconf 87' lang='lat' dir='ltr'><strong>annalist</strong></span> <span class='ocrx_word' id='word_1_338' title='bbox 939 3033 1037 3085; x_wconf 68' lang='grc' dir='ltr'><strong>(σὺν.</strong></span> <span class='ocrx_word' id='word_1_339' title='bbox 1068 3042 1108 3070; x_wconf 86' lang='grc' dir='ltr'><strong>Β.</strong></span> <span class='ocrx_word' id='word_1_340' title='bbox 1125 3041 1161 3071; x_wconf 81' lang='grc' dir='ltr'><strong>ο.</strong></span> <span class='ocrx_word' id='word_1_341' title='bbox 1199 3031 1312 3083; x_wconf 76' lang='lat'><strong>140),</strong></span> <span class='ocrx_word' id='word_1_342' title='bbox 1344 3031 1439 3071; x_wconf 90' lang='lat' dir='ltr'><strong>who</strong></span> <span class='ocrx_word' id='word_1_343' title='bbox 1468 3034 1601 3071; x_wconf 87' lang='lat' dir='ltr'><strong>wrote</strong></span> <span class='ocrx_word' id='word_1_344' title='bbox 1629 3044 1655 3070; x_wconf 84' lang='lat' dir='ltr'><strong>a</strong></span> <span class='ocrx_word' id='word_1_345' title='bbox 1682 3031 1844 3083; x_wconf 87' lang='lat' dir='ltr'><strong>history</strong></span> <span class='ocrx_word' id='word_1_346' title='bbox 1863 3031 1910 3071; x_wconf 87' lang='lat' dir='ltr'><strong>of</strong></span> 
     </span>
     <span class='ocr_line' id='line_1_39' title="bbox 227 3086 1753 3135; baseline -0.001 0"><span class='ocrx_word' id='word_1_347' title='bbox 227 3095 363 3135; x_wconf 86' lang='lat' dir='ltr'><strong>Rome</strong></span> <span class='ocrx_word' id='word_1_348' title='bbox 382 3095 490 3134; x_wconf 84' lang='lat' dir='ltr'><strong>from</strong></span> <span class='ocrx_word' id='word_1_349' title='bbox 512 3094 589 3134; x_wconf 87' lang='lat' dir='ltr'><strong>the</strong></span> <span class='ocrx_word' id='word_1_350' title='bbox 609 3096 779 3135; x_wconf 85' lang='lat' dir='ltr'><strong>earliest</strong></span> <span class='ocrx_word' id='word_1_351' title='bbox 796 3086 925 3135; x_wconf 86' lang='lat' dir='ltr'><strong>times</strong></span> <span class='ocrx_word' id='word_1_352' title='bbox 943 3099 990 3135; x_wconf 92' lang='lat' dir='ltr'><strong>to</strong></span> <span class='ocrx_word' id='word_1_353' title='bbox 1008 3094 1083 3134; x_wconf 89' lang='lat' dir='ltr'><strong>the</strong></span> <span class='ocrx_word' id='word_1_354' title='bbox 1102 3093 1185 3133; x_wconf 91' lang='lat' dir='ltr'><strong>end</strong></span> <span class='ocrx_word' id='word_1_355' title='bbox 1204 3093 1251 3133; x_wconf 87' lang='lat' dir='ltr'><strong>of</strong></span> <span class='ocrx_word' id='word_1_356' title='bbox 1265 3093 1340 3133; x_wconf 86' lang='lat' dir='ltr'><strong>the</strong></span> <span class='ocrx_word' id='word_1_357' title='bbox 1359 3093 1479 3133; x_wconf 88' lang='lat' dir='ltr'><strong>third</strong></span> <span class='ocrx_word' id='word_1_358' title='bbox 1498 3093 1633 3132; x_wconf 89' lang='lat' dir='ltr'><strong>Punic</strong></span> <span class='ocrx_word' id='word_1_359' title='bbox 1651 3106 1753 3133; x_wconf 86' lang='lat' dir='ltr'><strong>war.</strong></span> 
     </span>
    </p>

    <p class='ocr_par' dir='ltr' id='par_1_12' title="bbox 226 3152 1907 3322">
     <span class='ocr_line' id='line_1_40' title="bbox 357 3152 1907 3209; baseline -0.002 -13"><span class='ocrx_word' id='word_1_360' title='bbox 357 3161 725 3197; x_wconf 84' lang='lat' dir='ltr'><strong>commentator:</strong></span> <span class='ocrx_word' id='word_1_361' title='bbox 770 3170 796 3196; x_wconf 92' lang='lat' dir='ltr'><strong>a</strong></span> <span class='ocrx_word' id='word_1_362' title='bbox 827 3171 922 3197; x_wconf 88' lang='lat' dir='ltr'><strong>rare</strong></span> <span class='ocrx_word' id='word_1_363' title='bbox 950 3156 1184 3209; x_wconf 80' lang='lat' dir='ltr'><strong>post-class.</strong></span> <span class='ocrx_word' id='word_1_364' title='bbox 1212 3155 1341 3204; x_wconf 91' lang='lat' dir='ltr'><strong>word,</strong></span> <span class='ocrx_word' id='word_1_365' title='bbox 1383 3155 1430 3194; x_wconf 89' lang='lat' dir='ltr'><strong>in</strong></span> <span class='ocrx_word' id='word_1_366' title='bbox 1465 3154 1636 3206; x_wconf 86' lang='lat' dir='ltr'><strong>general</strong></span> <span class='ocrx_word' id='word_1_367' title='bbox 1673 3152 1907 3207; x_wconf 86' lang='lat' dir='ltr'><strong>signifying</strong></span> 
     </span>
     <span class='ocr_line' id='line_1_41' title="bbox 230 3215 1907 3271; baseline -0.001 -13"><span class='ocrx_word' id='word_1_368' title='bbox 230 3222 242 3241; x_wconf 87' lang='lat'>‘</span> <span class='ocrx_word' id='word_1_369' title='bbox 256 3215 494 3267; x_wconf 87' lang='lat' dir='ltr'><strong>contriver‚&#39;</strong></span> <span class='ocrx_word' id='word_1_370' title='bbox 513 3218 591 3259; x_wconf 92' lang='lat' dir='ltr'><strong>but</strong></span> <span class='ocrx_word' id='word_1_371' title='bbox 610 3218 851 3260; x_wconf 85' lang='lat' dir='ltr'><strong>Tertullian</strong></span> <span class='ocrx_word' id='word_1_372' title='bbox 870 3232 965 3260; x_wconf 88' lang='lat' dir='ltr'><strong>uses</strong></span> <span class='ocrx_word' id='word_1_373' title='bbox 992 3219 1028 3259; x_wconf 88' lang='lat' dir='ltr'><strong>it</strong></span> <span class='ocrx_word' id='word_1_374' title='bbox 1056 3219 1183 3271; x_wconf 83' lang='lat' dir='ltr'><strong>again</strong></span> <span class='ocrx_word' id='word_1_375' title='bbox 1211 3218 1262 3259; x_wconf 85' lang='lat' dir='ltr'><strong>de</strong></span> <span class='ocrx_word' id='word_1_376' title='bbox 1290 3230 1368 3258; x_wconf 73' lang='lat' dir='ltr'><strong>res.</strong></span> <span class='ocrx_word' id='word_1_377' title='bbox 1397 3229 1517 3258; x_wconf 75' lang='lat' dir='ltr'><strong>carn.</strong></span> <span class='ocrx_word' id='word_1_378' title='bbox 1541 3228 1606 3269; x_wconf 82' lang='lat'><strong>33,</strong></span> <span class='ocrx_word' id='word_1_379' title='bbox 1628 3217 1673 3256; x_wconf 90' lang='lat' dir='ltr'><strong>in</strong></span> <span class='ocrx_word' id='word_1_380' title='bbox 1691 3217 1766 3257; x_wconf 88' lang='lat' dir='ltr'><strong>the</strong></span> <span class='ocrx_word' id='word_1_381' title='bbox 1785 3229 1907 3257; x_wconf 85' lang='lat' dir='ltr'><strong>sense</strong></span> 
     </span>
     <span class='ocr_line' id='line_1_42' title="bbox 226 3278 493 3322; baseline -0.007 0"><span class='ocrx_word' id='word_1_382' title='bbox 226 3280 272 3322; x_wconf 85' lang='lat' dir='ltr'><strong>of</strong></span> <span class='ocrx_word' id='word_1_383' title='bbox 288 3283 298 3303; x_wconf 92' lang='lat'>‘</span> <span class='ocrx_word' id='word_1_384' title='bbox 313 3278 493 3322; x_wconf 83' lang='lat' dir='ltr'><strong>author.’</strong></span> 
     </span>
    </p>
   </div>
  </div>
 </body>
</html>
