2124 3554
222 216 320 256 Car.
338 209 454 263 X11.]
553 202 815 255 adversus
850 200 1045 254 Gentes
1074 199 1175 269 pro
1219 200 1562 255 Christianis.
1819 210 1888 266 45

222 349 454 412 qualium.
545 347 642 398 Sed
675 352 735 396 ut
768 347 989 396 omittam
1024 346 1168 410 hujus
1210 344 1527 413 indignitatis
1568 347 1891 393 retractatum

221 431 362 496 probi
385 436 435 480 et
458 430 643 494 integri
666 435 716 479 et
739 429 856 478 boni
890 428 1089 478 fuerint.
1163 428 1295 489 Quot
1330 433 1498 476 tamen
1522 427 1738 490 potiores
1762 427 1891 476 viros

221 514 355 578 apud
385 513 565 561 inferos
596 512 897 577 reliquistis‘l
933 512 1147 575 aliquem
1179 511 1238 559 de
1270 510 1509 574 sapientia
1543 509 1806 568 Socratem,
1832 508 1892 557 de

215 595 413 660 justitia
447 594 732 655 Aristidem,
768 595 828 642 de
861 593 1042 642 militia
1074 592 1458 652 Themistoclem,
1495 591 1555 639 de
1588 591 1890 640 sublimitate

223 677 572 737 Alexandrum,
609 677 669 726 de
717 675 950 724 felicitate
1001 675 1317 738 Polycratem,
1355 674 1415 722 de
1457 673 1592 737 copia
1642 672 1888 733 Croesum,
1906 697 1929 737 5

221 760 282 808 de
322 759 599 823 eloquentia
646 757 1055 807 Demosthenem‘l
1149 756 1273 818 Quis
1319 774 1380 805 ex
1426 756 1527 805 illis
1574 755 1669 804 diis
1714 755 1889 805 vestris

221 841 420 906 gravior
448 847 498 889 et
529 840 793 904 sapientior
817 839 1018 898 Catone,
1037 837 1222 902 justior
1251 842 1301 886 et
1332 837 1598 886 militarior
1627 836 1890 900 Scipionel

223 924 334 988 quis
358 923 614 972 sublimior
647 921 892 985 Pompeio,
916 920 1104 969 felicior
1129 919 1282 979 Sulla,
1308 920 1546 984 copiosior
1582 918 1767 978 Crasso,
1793 919 1891 967 elo-

221 1006 451 1070 quentior
476 1006 668 1053 Tullioit
738 1004 934 1065 Quanto
957 1003 1154 1067 dignius
1182 1002 1302 1052 istos
1339 1004 1452 1052 deos
1474 1002 1557 1051 ille
1581 1002 1892 1051 assumendos

221 1092 560 1152 exspectasset,
580 1086 826 1151 praescius
848 1086 1020 1149 utique
1043 1085 1292 1149 potiorum
1311 1086 1329 1133 ’ἔ
1380 1085 1683 1149 Properavit,
1703 1085 1887 1149 opinor,
1909 1109 1959 1137 10

220 1176 271 1219 et
294 1171 478 1220 caelum
498 1170 644 1219 semel
667 1169 826 1228 clusit,
849 1173 899 1217 et
917 1185 1045 1217 nunc
1059 1167 1231 1231 utique
1250 1168 1533 1217 melioribus
1558 1168 1690 1232 apud
1713 1167 1890 1216 inferos

222 1253 593 1302 mussitantibus
617 1251 871 1300 erubescit.

869 1522 1091 1572 CAPUT
1127 1523 1242 1571 XII.

290 1669 454 1718 CEsso
490 1670 592 1731 jam
635 1668 694 1717 de
735 1668 858 1730 istis,
903 1674 962 1719 ut
1004 1669 1088 1733 qui
1126 1668 1274 1718 sciam
1314 1685 1390 1717 me
1431 1686 1494 1717 ex
1535 1669 1641 1733 ipsa
1682 1668 1890 1719 vei-itate

220 1752 663 1800 demonstraturum
699 1751 820 1815 quid
854 1770 952 1801 non
994 1752 1106 1810 sint,
1145 1769 1298 1816 quum
1334 1752 1584 1800 ostendero
1622 1751 1742 1815 quid
1777 1752 1888 1801 sint.
1910 1776 1957 1817 15

221 1834 471 1896 Quantum
511 1833 669 1897 igitur
705 1834 766 1882 de
807 1835 902 1883 diis
943 1833 1134 1893 vestris,
1175 1834 1372 1882 nomina
1413 1834 1712 1883 solummodo
1749 1835 1889 1884 video

219 1917 525 1981 quorundam
559 1919 780 1965 veterum
814 1921 1132 1976 mortuorum,
1167 1920 1220 1964 et
1252 1916 1440 1965 fabulas
1476 1917 1636 1975 audio,
1666 1921 1717 1966 et
1752 1935 1890 1967 sacra

220 2000 280 2048 de
313 1998 491 2047 fabulis
526 2016 813 2062 recognosco
829 2016 842 2060 ;
880 2003 1117 2063 quantum
1153 2002 1317 2047 autem
1350 1999 1409 2047 de
1445 1998 1719 2048 simulacris
1754 1999 1888 2064 ipsis,

221 2081 346 2130 nihil
383 2080 520 2129 aliud
554 2081 875 2144 deprehendo,
913 2098 1056 2145 quam
1091 2081 1322 2130 materias
1358 2098 1545 2130 sorores
1581 2098 1682 2130 esse
1716 2099 1888 2131 vascu-

279 2237 317 2267 2.
341 2227 522 2265 fuerint
539 2238 549 2265 ε
581 2227 593 2248 ‘
611 2238 787 2277 suppose
805 2225 910 2277 they
927 2239 1039 2265 were
1060 2255 1069 2264 .
1095 2255 1104 2264 .
1126 2223 1151 2264 .'

277 2299 315 2339 3.
345 2291 403 2327 de
431 2289 667 2334 sapientia
697 2289 952 2327 Socratem.
1009 2287 1119 2327 Plin.
1150 2286 1223 2327 vii.
1255 2298 1301 2337 31
1326 2300 1337 2335 ;
1366 2287 1465 2328 Val.
1496 2287 1616 2328 Max,
1646 2288 1706 2327 iii.
1737 2300 1764 2340 4
1776 2304 1791 2336 3
1820 2301 1889 2328 see

221 2349 371 2398 below,
394 2349 459 2389 ch.
480 2347 548 2400 46.

318 2415 390 2451 -de
420 2413 610 2458 justitia
647 2411 922 2451 Aristidem.
997 2410 1225 2457 Aristides,
1265 2424 1310 2450 so
1346 2410 1584 2450 celebrated
1622 2425 1775 2464 among
1811 2413 1887 2452 the

222 2473 383 2514 Greeks
411 2473 496 2512 and
524 2472 750 2525 especially
768 2476 814 2512 at
841 2472 1010 2512 Athens
1038 2472 1102 2511 for
1129 2473 1195 2511 his
1223 2473 1376 2525 justice
1405 2472 1490 2512 and
1518 2473 1680 2525 equity,
1709 2474 1805 2513 that
1832 2474 1887 2514 he

221 2535 414 2575 received
431 2535 505 2574 the
523 2547 753 2586 cognomen
771 2534 793 2573 ὁ
815 2532 973 2574 δίκαιος.
1029 2535 1146 2576 Plut.
1160 2535 1235 2574 vit.
1255 2533 1392 2574 Arist.

276 2609 317 2648 4.
345 2599 546 2638 militia:
578 2601 587 2617 ‘
601 2596 791 2648 military
819 2594 941 2636 skill’
952 2610 963 2645 ;
994 2597 1144 2636 Florus
1172 2596 1228 2635 iv.
1262 2606 1283 2647 5
1314 2608 1408 2635 uses
1437 2595 1511 2635 the
1538 2595 1655 2636 word
1683 2597 1748 2637 for
1781 2599 1792 2620 ‘
1808 2598 1886 2637 sol·

222 2658 358 2711 dierly
377 2671 555 2709 courage
567 2654 579 2673 '
590 2670 600 2705 ;
629 2661 815 2697 contrast
834 2658 891 2697 its
910 2671 983 2697 use
1000 2658 1060 2710 by
1077 2657 1315 2697 Tertullian
1334 2658 1479 2706 above,
1502 2657 1567 2698 ch.
1590 2670 1630 2710 9.

278 2730 316 2771 5.
347 2723 405 2759 de
426 2721 654 2759 felicitate
679 2721 986 2767 Polycratem.
1043 2719 1142 2759 Val.
1163 2718 1279 2758 Max.
1300 2720 1355 2759 vi.
1377 2731 1416 2771 9.
1439 2730 1476 2770 5.

277 2781 317 2822 6.
345 2784 403 2821 de
425 2782 697 2827 eloquentia
716 2784 1096 2821 Demosthenem.
1153 2781 1251 2820 Val.
1274 2781 1390 2821 Max·
1411 2782 1467 2820 iv.
1490 2791 1512 2832 5
1530 2793 1542 2829 3
1569 2781 1659 2820 viii.
1684 2789 1720 2833 7.

281 2853 316 2897 7.
346 2845 602 2883 militarior
632 2845 867 2890 Scipione.
922 2843 1033 2883 Plin.
1067 2843 1138 2883 vii.
1177 2851 1256 2896 273
1301 2857 1370 2883 see
1402 2844 1491 2883 also
1524 2844 1578 2885 ib.
1613 2843 1675 2892 26,
1709 2856 1777 2896 44,
1808 2857 1884 2895 303

223 2906 270 2947 ii.
291 2916 357 2958 54.

278 2980 317 3020 9.
349 2970 538 3014 Quanto
571 2969 764 3014 dignius
799 2999 810 3010 .
839 2998 851 3010 .
883 2996 895 3007 .
925 2970 1036 3008 ille:
1076 2968 1108 3008 i.
1131 2980 1166 3007 e.
1201 2969 1213 2989 ‘
1230 2967 1447 3012 sublimior
1478 2967 1581 3007 deus
1614 2972 1658 3008 et
1687 2981 1884 3021 manceps

225 3028 490 3078 divinitatis:
511 3029 657 3069 above.

280 3098 344 3142 17.
374 3102 507 3130 sacra
525 3093 583 3130 de
604 3092 778 3130 fabulis
797 3103 806 3132 ε
838 3092 850 3113 ‘
863 3090 1063 3142 religious
1082 3090 1184 3130 rites
1205 3090 1390 3130 founded
1409 3104 1521 3143 upon
1538 3091 1612 3131 the
1631 3088 1790 3131 fables)

282 3162 346 3204 19.
376 3154 596 3192 materias
617 3164 823 3194 sorores:
855 3154 866 3172 ‘
883 3152 1044 3192 similar
1063 3149 1334 3193 substances.'
1390 3152 1531 3204 Comp.
1553 3152 1698 3192 Isaiah
1715 3153 1818 3192 xliv,
1839 3152 1881 3191 ff.

225 3211 290 3252 for
307 3212 382 3252 the
400 3225 514 3253 same
532 3213 721 3254 satirical
741 3218 977 3266 argument.
