2124 3554
285 235 384 274 Cu.
405 227 567 280 XX11.]
651 219 912 272 adversus
953 216 1146 270 Gentes
1169 224 1274 284 pro
1318 214 1662 270 Christianis.
1885 213 1950 282 83

286 382 387 414 sua.
457 362 674 411 Multum
720 359 1025 425 spiritalibus
1065 359 1253 408 viribus
1298 358 1429 417 licet,
1478 361 1537 406 ut
1581 356 1853 406 invisibiles
1901 362 1952 405 et

284 446 590 496 insensibiles
613 445 664 492 in
690 444 863 493 effectu
886 442 1047 508 potius
1071 460 1218 506 quam
1241 441 1293 490 in
1318 446 1433 490 actu
1456 458 1543 489 suo
1567 444 1862 504 appareant:
1911 439 1954 486 si

285 546 439 594 poma,
479 529 520 577 si
559 528 723 591 fruges
765 525 925 586 nescio
967 525 1097 590 quod
1136 542 1282 573 aurae
1322 525 1479 572 latens
1517 523 1699 572 vitium
1739 522 1792 570 in
1833 521 1953 569 flore

285 611 591 676 praecipitat,
624 611 677 658 in
711 608 926 674 germine
961 607 1220 667 exanimat,
1245 607 1298 655 in
1330 607 1589 671 pubertate
1622 605 1952 663 convulnerat,

286 712 343 744 ac
383 695 426 743 si
466 711 605 743 caeca
644 693 835 742 ratione
875 695 1096 740 tentatus
1141 700 1224 739 aer
1262 691 1546 755 pestilentes
1591 689 1797 738 haustus
1845 704 1953 736 suos
1971 712 1993 752 5

286 777 527 825 offundit:
588 776 755 825 eadem
805 774 960 837 igitur
1011 773 1307 822 obscuritate
1364 772 1666 836 contagionis
1721 770 1954 834 aspiratio

286 860 574 908 daemonum
619 863 671 907 et
716 858 999 922 angelorum
1045 856 1221 905 mentis
1267 873 1460 920 quoque
1507 855 1809 918 corruptelas
1849 853 1955 916 agit

286 942 532 990 furoribus
579 946 628 990 et
674 939 902 988 amentiis
947 938 1111 998 foedis,
1161 943 1248 987 aut
1300 938 1456 987 saevis
1508 936 1794 985 libidinibus
1846 952 1955 983 cum

286 1023 532 1072 erroribus
571 1022 752 1082 variis3
806 1038 1011 1085 quorum
1057 1020 1149 1069 iste
1195 1020 1491 1085 potissimus,
1534 1036 1632 1083 quo
1681 1020 1794 1067 deos
1835 1018 1956 1067 istos

288 1105 442 1169 capt-is
482 1109 534 1154 et
575 1104 950 1167 circumscriptis
985 1103 1234 1151 hominum
1267 1103 1512 1151 mentibus
1547 1101 1863 1160 commendat,
1898 1104 1956 1148 ut
1975 1120 2026 1149 10

289 1192 340 1237 et
362 1188 455 1238 sibi
478 1188 657 1251 pabula
679 1186 879 1251 propria
896 1186 1079 1234 nidoris
1098 1190 1149 1235 et
1166 1185 1416 1249 sanguinis
1434 1188 1662 1249 procuret
1686 1184 1958 1232 simulacris

288 1274 339 1319 et
378 1270 672 1332 imaginibus
711 1269 887 1328 oblata,
931 1273 982 1317 et
1019 1285 1142 1332 quae
1188 1268 1289 1317 illis
1337 1267 1606 1317 accuratior
1645 1283 1824 1330 pascua
1868 1271 1956 1324 est,

288 1352 532 1400 hominem
572 1369 602 1400 a
642 1351 860 1414 cogitatu
900 1367 1042 1400 verae
1089 1350 1367 1400 divinitatis
1409 1354 1637 1399 avertant
1679 1347 1959 1412 praestigiis

287 1435 436 1483 falsae
471 1432 796 1483 divinationis.
867 1433 999 1494 Quas
1036 1440 1085 1482 et
1121 1433 1252 1497 ipsas
1290 1433 1527 1497 quomodo
1562 1435 1838 1495 operentur,
1879 1448 1958 1479 ex-

288 1517 496 1580 pediam.
567 1515 739 1565 Omnis
773 1515 977 1579 spiritus
1008 1516 1107 1564 ales
1140 1520 1242 1564 est:
1281 1516 1370 1564 hoc
1409 1515 1570 1578 angeli
1604 1518 1655 1562 et
1687 1514 1957 1562 daemones.
1977 1530 2025 1571 15

290 1590 454 1662 Igitur
488 1604 730 1646 momento
763 1597 944 1661 ubique
981 1603 1125 1647 sunt:
1174 1602 1309 1647 totus
1351 1598 1481 1646 orbis
1516 1597 1619 1658 illis
1657 1596 1792 1645 locus
1832 1613 1960 1644 unus

290 1686 364 1728 est
385 1698 397 1740 3
446 1680 565 1745 quid
587 1680 766 1743 ubique
789 1684 1000 1743 geratur,
1027 1685 1129 1728 tam
1152 1680 1291 1728 facile
1315 1680 1491 1739 sciunt,
1519 1696 1663 1743 quam
1688 1678 1960 1726 enuntiant.

288 1763 532 1811 Velocitas
569 1762 800 1810 divinitas
830 1761 1060 1821 creditur,
1086 1761 1202 1825 quia
1232 1761 1509 1811 substantia
1540 1761 1810 1824 ignoratur.
1881 1760 1961 1809 Sic

289 1849 340 1894 et
375 1849 597 1894 auctores
629 1843 878 1893 interdum
899 1843 1055 1892 videri
1078 1845 1254 1894 volunt
1282 1862 1451 1893 eorum
1483 1861 1605 1908 quae
1638 1841 1958 1892 annuntiant:

291 1932 341 1976 et
377 1932 492 1977 sunt
525 1928 670 1991 plane
705 1927 943 1975 malorum
978 1943 1343 1992 nonnunquam,
1369 1929 1606 1976 bonorum
1638 1931 1803 1975 tamen
1835 1942 1959 1974 nun·
1980 1940 2031 1967 20

347 2070 385 2109 4.
415 2060 709 2105 praecipitat.
766 2056 869 2096 This
887 2057 1005 2096 word
1032 2058 1068 2097 is
1092 2058 1196 2098 used
1225 2058 1271 2098 of
1289 2057 1594 2098 unseasonable
1622 2056 1900 2097 forwardness
1920 2056 1967 2095 of

292 2120 415 2172 grain
434 2133 481 2158 or
498 2119 631 2169 fruit3
659 2133 705 2159 so
724 2119 960 2159 Columella
978 2119 1039 2159 iii.
1064 2131 1126 2159 21.
1152 2130 1203 2160 10
1232 2120 1276 2160 of
1302 2120 1377 2160 the
1397 2120 1584 2172 vintage.
1641 2118 1731 2159 The
1749 2118 1866 2158 word
1893 2131 1960 2158 re-

293 2195 387 2222 curs
407 2181 470 2220 ch.
491 2192 558 2232 41.

350 2254 387 2294 5.
416 2247 640 2289 tentatus,
661 2240 918 2283 ‘infected'z
948 2256 975 2282 a
992 2243 1173 2282 medical
1198 2246 1307 2282 term
1336 2243 1440 2282 used
1469 2242 1516 2282 of
1539 2243 1680 2295 poison
1712 2241 1793 2281 and
1815 2245 1959 2281 conta—

293 2304 417 2357 gion3
445 2316 575 2354 comp.
597 2303 766 2342 Sueton.
788 2303 905 2354 Vesp.
929 2314 1005 2355 243
1033 2303 1200 2343 Luci-et.
1221 2304 1276 2343 vi.
1303 2304 1557 2353 1088-1103.

354 2375 417 2403 10.
446 2365 1072 2415 circumscriptis=deeept583
1101 2378 1147 2404 as
1165 2365 1212 2403 in
1231 2364 1375 2404 Cicero
1393 2364 1525 2404 Acad.
1548 2370 1702 2416 quaest.
1724 2364 1768 2404 ii.
1794 2374 1854 2415 15.
1871 2363 1938 2416 46.

353 2438 415 2465 11.
442 2428 616 2472 pabula
634 2427 835 2472 propria.
877 2426 1021 2477 Comp.
1042 2426 1107 2465 ch.
1131 2437 1195 2476 23.
1236 2424 1511 2466 Tertullian’s
1531 2426 1825 2466 materialistic
1839 2426 1959 2466 ideas

295 2488 342 2527 of
365 2488 437 2527 the
465 2491 617 2527 nature
647 2487 693 2526 of
712 2488 866 2538 spirits,
896 2500 942 2527 as
972 2488 1239 2539 exemplified
1267 2488 1380 2533 here,
1410 2501 1522 2527 were
1551 2488 1705 2528 shared
1732 2489 1790 2542 by
1808 2489 1839 2528 J
1844 2488 1959 2527 ustin

295 2549 466 2602 Martyr
485 2547 625 2603 (Apol.
645 2549 688 2589 ii.
712 2549 755 2600 5)
780 2549 865 2588 and
891 2549 1012 2589 other
1030 2551 1208 2589 writers.
1255 2550 1345 2589 The
1373 2550 1522 2589 notion
1549 2563 1771 2602 reappears
1799 2551 1851 2590 de
1878 2564 1957 2591 res.

296 2625 411 2652 carn.
437 2619 501 2663 17,
521 2611 660 2650 where
679 2611 917 2651 Tertullian
936 2612 1108 2664 regards
1127 2612 1201 2652 the
1228 2612 1388 2651 human
1416 2612 1508 2652 soul
1536 2625 1582 2652 as
1611 2613 1657 2651 in
1676 2625 1790 2652 some
1809 2612 1960 2665 degree

295 2673 522 2726 corporeal.
578 2672 656 2712 See
674 2678 786 2719 note,
806 2673 870 2713 ch.
893 2673 960 2725 48.

355 2747 418 2776 12.
449 2747 567 2783 quae
598 2737 695 2774 illis
724 2737 986 2775 accuratior
1015 2747 1189 2781 pascua
1219 2740 1316 2775 est:
1349 2735 1512 2775 ‘which
1546 2735 1583 2774 is
1612 2738 1659 2774 to
1691 2735 1810 2775 them
1838 2749 1865 2776 a
1893 2735 1960 2775 far

295 2811 410 2837 more
431 2797 647 2849 palatable
675 2797 862 2849 banquet
874 2795 911 2845 '3
939 2810 965 2836 a
983 2796 1125 2836 forced
1143 2797 1341 2848 meaning
1360 2801 1406 2837 to
1425 2798 1521 2850 give
1539 2801 1587 2837 to
1605 2798 1860 2847 accuratior,
1881 2798 1960 2837 but

295 2871 499 2899 accurare
526 2859 562 2898 is
593 2859 698 2899 used
727 2859 785 2911 by
815 2859 995 2898 Plautus
1030 2859 1143 2910 ΕΜ).
1177 2872 1217 2898 v.
1256 2870 1291 2900 1.
1326 2870 1376 2910 55
1409 2859 1473 2898 for
1504 2859 1723 2911 ‘regaling
1753 2872 1779 2898 a
1809 2859 1959 2911 guest?

296 2922 469 2962 Pascua
489 2934 534 2961 as
554 2935 579 2961 a
599 2922 729 2961 subst.
749 2921 785 2960 is
804 2921 996 2961 confined
1023 2924 1069 2961 to
1096 2921 1184 2962 late
1204 2921 1335 2961 Latin
1354 2935 1363 2962 :
1393 2922 1430 2962 it
1448 2923 1485 2961 is
1505 2921 1637 2961 found
1655 2921 1701 2960 in
1719 2921 1794 2961 the
1812 2922 1960 2974 Vulg.‚

295 2986 326 3026 J
330 2985 395 3024 oel
412 2985 440 3023 i.
464 2985 540 3031 18;
568 2983 693 3024 Ezek.
715 2983 855 3022 xxxiv.
878 2994 941 3034 31.

356 3056 373 3084 1
385 3056 421 3097 5.
450 3049 539 3085 hoc
562 3046 718 3092 angeli
737 3049 785 3084 et
805 3047 1068 3084 daemones.
1126 3044 1236 3094 Hoc,
1254 3046 1285 3086 i.
1300 3058 1333 3086 e.
1357 3047 1368 3067 ‘
1383 3044 1579 3097 winged,’
1597 3045 1805 3097 referring
1823 3048 1869 3085 to
1886 3045 1961 3086 the

294 3105 516 3159 preceding
535 3107 639 3146 ales.
1240 3146 1243 3149 .

355 3170 418 3208 18.
438 3170 678 3208 velocitas
693 3170 921 3207 divinitas
937 3169 1170 3208 creditur:
1192 3168 1221 3206 i.
1234 3180 1265 3208 e.
1282 3167 1396 3207 their
1415 3167 1625 3208 swiftness
1643 3168 1679 3207 is
1697 3167 1900 3220 regarded
1914 3181 1960 3208 as

297 3243 323 3269 a
342 3228 464 3282 proof
475 3230 522 3270 of
535 3230 647 3270 their
667 3230 866 3282 divinity,
888 3229 1117 3281 especially
1134 3242 1181 3269 as
1200 3228 1314 3269 their
1332 3230 1422 3269 real
1441 3234 1593 3270 nature
1613 3231 1647 3269 is
1665 3230 1893 3289 unknown.-

1078 3313 1174 3354 (³2
