2124 3554
231 252 252 286 1
262 251 296 287 0
694 237 1028 291 Tertulliani
1062 238 1114 289 A
1108 238 1438 307 pologetz‘cus
1715 247 1834 302 [cn.
1857 253 1911 291 11.

226 399 341 432 sura
399 381 757 432 circumvenis?
810 382 850 432 si
908 382 1123 443 damnas,
1172 400 1262 432 cur
1317 400 1416 432 non
1474 388 1524 432 et
1575 382 1818 449 inquiris?
1870 385 1910 433 si

226 484 325 515 non
371 465 597 531 inquiris,
634 484 722 516 cur
761 483 862 514 non
898 472 948 515 et
998 466 1245 516 absolvis?
1316 466 1616 516 Latronibus
1665 468 1909 532 vestigan-

227 549 303 599 dis
348 567 438 614 per
481 549 735 599 universas
782 549 1060 613 provincias
1106 549 1337 598 militaris
1381 550 1529 599 statio
1576 551 1783 600 sortitur
1802 540 1834 612 ;¹
1858 550 1911 599 111

227 650 336 682 reos
382 633 655 697 majestatis
693 639 743 683 et
789 633 1012 698 publicos
1051 634 1216 683 hostes
1254 632 1412 682 omnis
1460 633 1603 683 homo
1641 634 1779 684 miles
1821 638 1909 693 est,

187 733 210 775 5
227 716 292 765 ad
326 717 495 777 socios,
531 717 596 765 ad
632 717 849 766 conscios
883 734 1042 781 usque
1076 716 1336 781 inquisitio
1373 717 1670 767 extenditur.
1742 717 1912 767 Solum

229 799 567 849 Christianum
602 799 791 865 inqui-ri
814 817 914 848 non
947 799 1080 860 licet,
1105 799 1271 849 offerri
1304 799 1436 859 licet,
1463 799 1602 863 quasi
1624 798 1762 848 aliud
1786 804 1913 849 esset

227 886 401 932 actura
425 882 695 947 inquisitio,
714 901 861 948 quam
887 883 1202 932 oblationem.
1242 882 1504 931 Damnatis
1531 899 1647 947 ergo
1662 883 1884 932 oblatum
1899 900 1911 943 ;

228 984 376 1031 quem
398 983 538 1015 nemo
563 966 721 1015 voluit
745 966 1055 1030 requisitum,
1077 966 1178 1031 qui,
1205 972 1341 1030 puto,
1354 965 1457 1030 jam
1480 982 1577 1014 non
1599 965 1709 1015 ideo
1731 965 1914 1015 meruit

230 1067 449 1115 poenam,
460 1050 575 1114 quia
589 1067 766 1099 nocens
782 1056 869 1111 est,
882 1050 966 1099 sed
981 1050 1218 1115 quia,non
1236 1049 1812 1114 requirendus,inventus
1827 1053 1913 1098 est.

165 1151 215 1180 10
299 1134 476 1198 Itaque
501 1150 590 1183 nec
621 1134 676 1182 in
709 1134 796 1182 illo
821 1150 883 1182 ex
907 1135 1064 1182 forma
1098 1134 1336 1181 malorum
1355 1132 1732 1195 judicandorum
1767 1132 1914 1197 agitis

227 1234 346 1281 erga
374 1234 476 1277 nos,
503 1219 634 1282 quod
660 1218 835 1267 ceteris
859 1217 1152 1282 negantibus
1183 1216 1426 1265 adhibetis
1451 1220 1694 1265 tormenta
1717 1217 1780 1265 ad
1805 1233 1914 1265 con-

229 1297 484 1358 fitendum,
527 1297 644 1346 solis
688 1297 984 1365 Christianis
1025 1297 1090 1346 ad
1126 1297 1438 1361 negandum;
1484 1313 1613 1357 cum,
1652 1295 1694 1345 si
1730 1297 1915 1344 malum

230 1385 371 1440 esset,
413 1398 502 1430 nos
541 1381 740 1444 quidem
777 1398 1076 1445 negaremus
1114 1396 1200 1429 vos
1235 1397 1349 1429 vero
1396 1379 1618 1428 confiteri
1655 1379 1915 1429 tormentis

231 1464 599 1528 compelleretis.
670 1465 844 1527 Neque
881 1464 1011 1512 enim
1047 1463 1156 1511 ideo
1197 1462 1444 1527 putaretis
1478 1480 1577 1510 non
1618 1462 1916 1526 requirenda

166 1566 213 1607 15
232 1547 600 1612 quaestionibus
623 1548 820 1606 scelera,
839 1547 958 1611 quia
975 1546 1097 1596 certi
1117 1546 1290 1596 essetis
1313 1545 1515 1595 admitti
1539 1562 1596 1594 ea
1620 1562 1682 1594 ex
1704 1545 1917 1594 nominis

232 1630 543 1690 confessione,
575 1630 662 1694 qui
685 1630 830 1680 hodie
855 1631 918 1679 de
939 1630 1155 1679 confesso
1190 1628 1449 1688 homicida,
1476 1628 1687 1677 scientes
1715 1627 1916 1677 homici-

232 1712 370 1761 dium
418 1713 540 1777 quid
586 1713 665 1773 sit,
707 1711 1028 1761 nihilominus
1069 1711 1288 1761 ordinem
1335 1711 1641 1774 extorquetis
1681 1711 1914 1760 admissi:

233 1813 330 1861 quo
379 1795 669 1860 perversius,
709 1813 822 1845 cum
862 1795 1186 1860 praesumatis
1224 1795 1285 1843 de
1323 1794 1586 1843 sceleribus
1632 1794 1815 1843 nostris
1856 1812 1917 1843 ex

232 1876 443 1928 nominis
501 1876 824 1934 confessione
845 1878 1023 1943 cogitis
1066 1877 1325 1927 tormentis
1385 1879 1444 1926 de
1492 1877 1786 1926 confessione
1834 1877 1916 1926 de-

166 1978 217 2007 20
233 1963 416 2022 cedere,
464 1966 522 2011 ut
579 1966 817 2026 negantes
864 1978 1042 2010 nomen
1088 1961 1279 2025 pariter
1338 1960 1513 2024 utique
1571 1977 1804 2024 negemus
1867 1964 1918 2009 et

231 2046 429 2106 scelera,
467 2046 527 2094 de
564 2045 743 2110 quibus
785 2061 846 2093 ex
883 2043 1183 2094 confessione
1222 2043 1432 2092 nomin-is
1471 2043 1917 2108 praesumpseratis.

235 2129 346 2189 Sed,
389 2129 576 2194 opinor,
612 2146 712 2177 11011
749 2127 904 2177 vultis
941 2144 1030 2176 nos
1069 2126 1243 2191 perire,
1270 2144 1392 2191 quos
1430 2127 1667 2190 pessimos
1702 2126 1917 2176 creditis.

204 2258 215 2271 ,
235 2212 316 2261 Sic
361 2212 494 2260 enim
536 2211 701 2261 soletis
743 2211 905 2260 dicere
943 2210 1244 2260 homicidae:
1302 2210 1353 2258 N
1357 2227 1479 2274 ega;
1527 2210 1705 2258 laniari
1744 2209 1919 2273 jubere

233 2295 536 2359 sacrilegum,
574 2294 617 2345 si
658 2294 878 2343 confiteri
915 2293 1318 2359 perseveraverit.
1415 2293 1471 2343 Si
1517 2310 1616 2342 non
1662 2294 1735 2343 ita
1773 2292 1920 2358 agitis

291 2441 329 2479 3.
360 2430 583 2468 sortitur:
630 2427 859 2480 passively,
899 2425 959 2467 ‘is
999 2425 1228 2479 appointed
1265 2425 1324 2479 by
1359 2424 1452 2467 lot.'
1508 2426 1679 2467 Sueten.
1724 2427 1811 2467 Oct.
1853 2438 1919 2478 32,

237 2493 249 2513 ‘
260 2495 530 2544 grassatores,
556 2491 770 2543 dispositis
790 2504 866 2543 per
883 2494 1120 2543 opportuna
1138 2489 1230 2529 loca
1249 2490 1520 2540 stationibus,
1539 2487 1754 2530 inhibuit!
1833 2524 1840 2531 ,

292 2565 330 2606 5.
361 2556 626 2601 inquisitio.
683 2553 787 2592 This
815 2553 931 2593 word
959 2552 1044 2592 and
1073 2552 1130 2591 its
1158 2551 1343 2592 kindred
1370 2553 1474 2592 verb
1502 2566 1575 2592 are
1603 2552 1708 2592 used
1735 2553 1781 2592 in
1807 2552 1921 2592 their

233 2616 448 2657 technieal
467 2617 580 2669 legal
601 2629 721 2656 sense
741 2615 788 2655 of
802 2618 814 2638 ‘
828 2614 1000 2667 secking
1018 2615 1084 2655 for
1102 2613 1227 2666 proof
1249 2615 1296 2653 in
1321 2618 1496 2667 support
1516 2615 1562 2655 of
1576 2629 1633 2655 an
1651 2613 1921 2655 accusation?

292 2679 330 2720 6.
361 2682 498 2726 quasi
518 2682 651 2719 aliud
671 2682 797 2719 esset
817 2683 979 2719 actura
1000 2691 1009 2717 ε
1044 2677 1155 2729 ‘just
1174 2689 1220 2716 as
1245 2675 1283 2715 if
1297 2676 1372 2716 the
1391 2678 1572 2730 enquiry
1590 2678 1677 2718 had
1696 2691 1781 2732 any
1798 2677 1921 2718 other

237 2754 416 2794 purpose
433 2742 478 2780 in
497 2742 608 2782 view
628 2742 736 2781 than
755 2741 829 2781 the
854 2740 1109 2793 production
1128 2737 1175 2778 of
1198 2738 1273 2778 the
1292 2739 1486 2780 criminal
1511 2739 1654 2780 before
1672 2740 1746 2781 the
1765 2739 1920 2793 magis-

236 2809 368 2846 trates
386 2807 394 2845 ἒ
414 2799 425 2820 ’

294 2867 332 2906 8.
363 2869 462 2917 qui,
488 2870 617 2915 puto,
643 2868 740 2913 jam
768 2878 867 2905 non
894 2867 1005 2905 ideo
1033 2869 1236 2908 meruit:
1271 2869 1322 2906 ‘a
1351 2877 1467 2914 man,
1488 2864 1512 2903 I
1536 2864 1638 2904 take
1663 2864 1712 2913 it,
1732 2863 1828 2903 who
1847 2862 1922 2904 did

237 2934 314 2969 not
343 2934 389 2969 at
418 2930 511 2968 first
541 2929 713 2968 deserve
741 2927 1015 2980 punishment
1042 2929 1220 2969 because
1249 2927 1303 2968 he
1331 2940 1419 2968 was
1446 2926 1601 2980 guilty,
1621 2926 1699 2965 but
1727 2925 1919 2974 because,

238 2992 365 3045 being
384 2991 608 3031 forbidden
627 2994 672 3030 to
691 2991 744 3030 be
764 2990 916 3042 sought
936 2993 1024 3039 out,
1045 2990 1100 3030 he
1118 3004 1204 3031 was
1223 2987 1381 3031 found?

300 3064 362 3092 10.
392 3065 480 3093 nec
513 3055 567 3092 in
597 3055 683 3093 illo
715 3065 775 3092 ex
799 3054 979 3092 forma:
1017 3052 1208 3093 ‘neither
1232 3053 1278 3092 in
1301 3052 1387 3093 this
1418 3050 1471 3090 do
1499 3064 1581 3104 you
1611 3049 1707 3090 deal
1735 3049 1842 3090 with
1872 3063 1921 3090 us

241 3116 464 3168 according
482 3119 528 3155 to
547 3129 652 3168 your
673 3127 824 3167 proper
842 3114 1070 3166 procedure
1088 3114 1134 3154 in
1152 3115 1330 3168 judging
1348 3111 1589 3153 criminals?

301 3190 364 3232 14.
395 3181 564 3225 Neque
585 3180 715 3217 enim
733 3179 844 3217 ideo
863 3180 1111 3224 putaretis.
1170 3180 1181 3199 ‘
1194 3177 1288 3216 Nor
1307 3175 1432 3216 could
1451 3188 1534 3227 you
1553 3174 1732 3227 pretend
1750 3174 1847 3215 that
1866 3188 1922 3214 an

241 3240 547 3293 investigation
572 3239 619 3279 of
642 3239 862 3279 Christian
884 3239 1146 3291 criminality
1164 3238 1302 3291 might
1326 3239 1378 3278 be
1407 3236 1630 3289 dispensed
1649 3236 1755 3277 with
1776 3250 1830 3276 on
1848 3236 1923 3276 the

242 3303 406 3358 ground
424 3302 521 3343 that
538 3302 615 3343 the
639 3315 753 3342 mere
778 3301 1009 3354 profession
1028 3300 1074 3342 of
1089 3301 1374 3355 Christianity
1394 3300 1537 3340 would
1555 3313 1683 3353 prove
1703 3299 1765 3349 it;
1794 3298 1859 3339 for
1878 3303 1923 3339 to
