2124 3554
255 264 279 300 1
291 248 321 300 8
703 248 1038 302 Tertulliani
1069 249 1122 301 A
1122 247 1444 318 polegetz‘cus
1724 258 1844 312 [Cu.
1867 260 1939 302 IV.

252 391 490 443 exclusit?
529 391 627 443 Sed
645 398 694 442 et
707 393 953 457 judicatos
977 398 1107 442 retro
1131 392 1186 441 in
1209 398 1375 458 partes
1394 394 1549 443 secari
1567 412 1597 444 a
1617 394 1942 446 creditoribus

253 477 386 540 leges
410 482 554 526 erant
568 493 581 537 ;
619 493 857 526 consensu
881 481 1048 526 tamen
1071 475 1268 540 publico
1300 476 1565 527 crudelitas
1596 483 1768 542 postea
1800 494 1942 528 erasa

254 564 330 609 est
366 564 418 609 et
452 559 507 608 in
541 559 749 624 pudoris
786 563 954 609 notam
990 559 1168 625 capitis
1204 576 1363 624 poena
1398 577 1662 623 conversa3
1699 563 1941 611 bonorum

253 642 479 693 adhibita
507 643 865 708 proscriptione
895 642 1175 692 suffundere
1199 642 1376 692 maluit
1399 643 1609 694 hominis
1634 645 1938 710 sanguinem,

215 751 238 791 5
256 744 403 791 quam
426 725 690 776 effundere.
746 726 882 788 Quot
905 726 1065 776 adhuc
1091 725 1229 775 vobis
1253 727 1591 790 repurgandae
1614 728 1746 793 leges
1770 729 1942 788 latent,

255 827 377 874 quas
419 827 578 874 neque
619 826 860 858 annorum
902 826 1147 871 numerus,
1186 826 1343 874 neque
1380 809 1688 860 conditorum
1724 811 1943 876 dignitas

256 893 573 954 commendat,
611 893 697 942 sed
733 892 958 958 aequitas
993 893 1127 941 sola2
1164 896 1215 941 et
1249 892 1360 941 ideo
1397 909 1510 941 cum
1542 892 1742 957 iniquae
1775 911 1941 958 recog-

258 980 545 1037 noscuntur,
571 977 744 1026 merito
768 977 1084 1036 damnantur,
1110 976 1227 1024 licet
1250 975 1500 1025 damnent.
1572 975 1824 1039 Quomodo
1847 976 1944 1025 ini-

258 1077 378 1124 quas
421 1059 666 1109 dicimus?
707 1060 821 1120 imo,
867 1060 910 1109 si
948 1076 1126 1109 nomen
1161 1059 1395 1124 puniunt,
1433 1059 1586 1109 etiam
1629 1061 1820 1111 stultas.
1890 1059 1946 1110 Si

194 1167 242 1195 10
257 1160 372 1192 vero
397 1143 542 1204 facta,
568 1160 659 1193 cur
686 1143 741 1192 in
772 1144 914 1192 nobis
944 1144 1004 1192 de
1034 1143 1137 1193 solo
1162 1142 1358 1192 nomine
1392 1143 1611 1207 puniunt
1642 1144 1786 1204 facta,
1821 1161 1945 1208 quae

258 1228 312 1275 in
336 1226 448 1276 aliis
472 1227 532 1276 de
556 1226 783 1288 admisso,
810 1244 908 1276 non
931 1226 993 1275 de
1017 1225 1212 1275 nomine
1241 1226 1450 1290 probata
1485 1226 1786 1277 defendunt‘l
1857 1227 1947 1276 In-

260 1314 422 1358 cestus
457 1326 582 1372 sum,
611 1327 699 1359 cur
732 1327 829 1358 non
861 1308 1161 1375 requirunt?
1198 1306 1504 1371 infanticida,
1531 1327 1621 1359 cur
1653 1326 1753 1360 non
1784 1315 1945 1360 extor-

259 1394 446 1457 quent?
489 1393 543 1441 in
590 1393 723 1453 deos,
770 1393 823 1442 in
873 1393 1108 1443 Caesares
1156 1392 1349 1457 aliquid
1395 1394 1667 1455 committO,
1715 1410 1804 1444 cur
1823 1451 1831 1454 ,
1849 1410 1949 1444 11011

259 1476 448 1536 audior,
474 1476 561 1541 qui
585 1476 741 1526 habeo
766 1493 863 1542 quo
888 1493 1073 1541 purger
1091 1477 1109 1524 'l
1173 1476 1326 1527 Nulla
1348 1476 1429 1525 lex
1451 1481 1589 1526 vetat
1611 1477 1794 1526 discuti
1816 1476 1951 1543 quod

194 1581 242 1622 15
259 1559 491 1624 prohibet
529 1559 763 1621 admitti3
807 1559 926 1624 quia
963 1575 1122 1624 neque
1162 1558 1318 1624 judex
1359 1561 1496 1623 juste
1541 1559 1815 1620 ulciscitur,
1854 1559 1952 1609 nisi

260 1647 521 1707 cognoscat
546 1641 813 1692 admissum
841 1659 945 1692 esse
967 1642 1097 1707 quod
1116 1659 1212 1691 non
1230 1641 1378 1704 licet3
1415 1659 1576 1707 neque
1595 1643 1715 1693 civis
1738 1642 1953 1693 fideliter

261 1726 360 1790 legi
394 1710 698 1791 obsequitur,
731 1725 979 1790 ignorans,
1005 1725 1148 1790 quale
1182 1724 1262 1785 sit,
1293 1725 1426 1790 quod
1453 1726 1723 1775 ulciscitur.
1795 1726 1953 1776 Nulla

261 1810 343 1858 lex
368 1808 462 1858 sibi
487 1809 578 1858 soli
609 1809 953 1858 conscientiam
981 1809 1208 1874 justitiae
1238 1826 1353 1859 suae
1383 1809 1543 1869 debet,
1568 1811 1654 1859 sed
1682 1809 1766 1869 eis,
1790 1827 1821 1859 a
1845 1808 1953 1874 qui-

262 1894 355 1941 bus
391 1891 678 1957 obsequium
714 1897 982 1957 exspectat.
1056 1892 1294 1942 Ceterum
1326 1897 1554 1958 suspecta
1588 1893 1671 1942 lex
1702 1897 1793 1953 est,
1829 1909 1954 1957 quae

198 1997 248 2025 20
263 1975 463 2040 probari
493 1992 544 2025 se
573 1993 670 2024 non
702 1976 828 2035 vult,
862 1974 1085 2040 improba
1119 1980 1300 2036 autem,
1341 1976 1385 2027 si
1419 1994 1520 2026 non
1555 1977 1765 2042 probata
1799 1976 1954 2026 domi-

264 2062 425 2108 netur.

265 2213 405 2266 praise
433 2212 499 2253 for
527 2212 708 2253 Severus
743 2213 802 2253 ad
834 2212 966 2266 Scap.
1001 2224 1042 2265 4,
1074 2225 1120 2253 as
1159 2212 1511 2254 Christianorum
1542 2225 1714 2255 memor.
1784 2213 1852 2254 On
1882 2212 1958 2254 the

265 2276 459 2315 firmness
489 2275 574 2315 and
601 2276 787 2329 severity
806 2275 853 2316 of
879 2273 1072 2316 Severus’
1092 2275 1312 2316 character
1331 2289 1400 2316 see
1427 2275 1596 2317 Gibbon
1617 2276 1646 2316 i.
1670 2288 1691 2317 2
1698 2276 1763 2329 58.
1819 2275 1961 2316 Aure-

266 2338 350 2378 lius
369 2337 521 2378 Victor
547 2338 601 2377 de
635 2338 752 2378 Caes.
785 2349 863 2388 20,
852 2351 863 2362 ·
901 2338 1091 2391 Epitom.
1122 2349 1188 2387 20,
1217 2338 1357 2378 ‘Acer
1383 2338 1569 2391 ingenio,
1597 2338 1654 2379 ad
1681 2338 1824 2379 omnia
1850 2349 1961 2391 quae

267 2400 536 2450 intendisset,
559 2401 606 2439 in
633 2400 761 2440 finem
790 2413 1077 2453 perseverans.
1081 2398 1092 2416 '
1150 2399 1333 2441 Severus
1357 2401 1553 2441 received
1579 2401 1655 2442 the
1679 2414 1804 2442 name
1829 2400 1876 2441 of
1892 2399 1962 2440 his

266 2463 537 2515 predecessor
555 2463 774 2513 Pertinax,
795 2464 927 2504 hence
946 2463 1021 2504 the
1040 2462 1191 2516 saying
1211 2463 1444 2516 (Spartian.
1463 2463 1604 2505 Sever.
1628 2463 1716 2517 14),
1731 2465 1743 2486 ‘
1757 2462 1897 2505 Ecce
1884 2476 1962 2503 im·

268 2530 440 2579 perator
458 2540 558 2566 vere
577 2527 761 2567 nominis
784 2527 863 2577 sui,
884 2540 985 2567 vere
1005 2527 1211 2567 Pertinax
1229 2540 1329 2568 vere
1347 2524 1557 2568 Severus?

330 2600 366 2629 1.
395 2591 612 2630 exclusit.
670 2589 761 2629 ΤῙιο
786 2589 953 2643 Papian
977 2590 1063 2630 law
1082 2602 1170 2630 was
1196 2589 1368 2630 relaxed
1393 2590 1452 2643 by
1471 2589 1651 2630 Severus
1677 2589 1725 2629 in
1750 2587 1900 2629 favour
1920 2586 1967 2627 of

269 2650 344 2691 the
363 2651 516 2692 Julian
535 2655 793 2693 enactment.

381 2716 435 2753 in
462 2718 621 2760 partes
650 2717 815 2754 secari.
886 2712 978 2753 The
1005 2713 1112 2753 laws
1141 2712 1188 2753 of
1211 2713 1286 2754 the
1314 2712 1413 2753 XII
1436 2712 1603 2762 Tables,
1624 2713 1663 2754 8.
1722 2710 1826 2753 Aul.
1848 2709 1961 2752 Gell.

273 2776 402 2815 Noet.
425 2779 509 2817 Ate.
530 2790 600 2817 xx.
626 2788 672 2825 13
702 2776 849 2825 Quint.
875 2776 986 2816 Inst.
1009 2778 1121 2816 orat.
1142 2775 1203 2815 iii.
1223 2773 1263 2817 6.
1288 2775 1355 2828 84.
1412 2775 1514 2816 This
1540 2774 1747 2815 inhuman
1774 2774 1858 2814 law
1876 2785 1964 2814 was

271 2838 469 2890 repealed
488 2848 617 2881 A.U.c.
640 2837 736 2889 630.

333 2912 396 2952 14.
427 2913 522 2948 quo
541 2914 730 2949 purger.
788 2901 867 2941 See
886 2905 1001 2947 note,
1021 2899 1086 2940 ch.
1110 2911 1148 2940 2.

387 2965 589 3004 discuti:
630 2966 642 2985 ‘
656 2968 701 3004 to
720 2965 773 3004 be
802 2959 1139 3016 investigated';
1176 2974 1203 3002 a
1230 2960 1466 3014 post-class.
1486 2960 1572 3000 and
1599 2959 1792 3014 patristic
1819 2971 1895 2999 use
1923 2958 1969 2998 of

274 3024 350 3064 the
370 3024 486 3064 verb.

335 3093 398 3137 17.
429 3088 577 3126 Nulla
594 3089 674 3126 lex
694 3088 790 3126 sibi
811 3089 903 3128 soli
924 3117 934 3127 .
955 3116 966 3126 .
988 3116 998 3126 .
1017 3087 1273 3132 exspectat.
1331 3084 1401 3124 ‘A
1418 3084 1503 3125 law
1522 3084 1559 3124 is
1578 3082 1722 3124 bound
1748 3086 1793 3123 to
1818 3081 1966 3136 satisfy

280 3152 357 3188 not
377 3147 501 3188 itself
515 3148 648 3198 alone,
673 3162 718 3189 as
738 3153 784 3189 to
803 3150 861 3190 its
887 3147 1082 3190 intrinsic
1099 3147 1267 3201 justice,
1288 3145 1367 3188 but
1391 3146 1480 3188 also
1504 3145 1627 3187 those
1645 3145 1753 3186 from
1771 3144 1911 3186 whom
1930 3143 1967 3184 it

277 3211 398 3251 looks
416 3210 481 3252 for
499 3209 756 3252 obedienee?
