2124 3554
237 210 305 265 72
707 199 1044 253 Tertulliani
1078 200 1129 251 A
1124 199 1456 269 polegetz'cus
1665 207 1786 262 [cn.
1803 214 1922 253 XXI.

234 342 423 393 Verum
465 360 621 408 neque
661 343 721 393 de
770 343 973 394 Christo
1010 345 1355 404 erubescimus,
1399 362 1552 409 quum
1594 346 1685 395 sub
1726 346 1921 396 nomine

233 429 337 490 ejus
366 427 595 492 deputari
629 431 680 476 et
716 428 939 476 damnari
958 428 1115 492 juvat,
1144 445 1301 492 neque
1336 428 1396 477 de
1421 429 1526 477 Deo
1548 429 1693 479 aliter
1722 447 1922 495 praesu-

235 528 426 559 mimus.

303 594 514 642 Necesse
561 598 638 642 est
684 593 844 658 igitur
888 611 1046 659 pauca
1083 594 1301 643 dicamus
1344 595 1404 643 de
1453 594 1651 644 Christo
1697 601 1755 644 ut
1802 595 1923 644 Deo.

195 691 218 731 5
235 676 449 725 Tantum
497 676 531 724 J
535 675 705 725 udaeis
750 681 858 725 erat
903 677 1035 741 apud
1074 676 1238 726 Deum
1275 678 1452 741 gratia,
1490 678 1578 726 ubi
1625 684 1676 727 et
1715 677 1924 744 insignis

228 759 428 822 justitia
461 763 512 808 et
547 759 668 808 fides
702 759 1019 822 originalium
1047 764 1318 821 auctorum,
1349 762 1480 810 unde
1513 761 1612 810 illis
1648 765 1699 810 et
1730 761 1925 825 generis

235 842 520 906 magnitudo
563 846 614 891 et
651 842 795 906 regni
831 843 1109 892 sublimitas
1145 843 1316 892 floruit
1346 850 1396 893 et
1430 848 1572 894 tanta
1606 843 1830 905 felicitas,
1865 850 1925 892 ut

236 926 333 975 Dei
377 925 595 986 vocibus,
632 925 813 990 quibus
861 927 1206 988 edocebantur,
1245 928 1305 976 de
1345 929 1665 992 promerendo
1713 928 1831 988 Deo,
1874 932 1926 977 et

236 1027 334 1059 non
375 1008 680 1069 offendendo,
722 1015 1172 1074 praemonerentur.
1245 1009 1344 1060 Sed
1383 1015 1567 1074 quanta
1607 1010 1922 1076 deliquerint,

160 1102 221 1142 '10
236 1091 415 1142 fiducia
438 1097 638 1157 patrum
661 1093 822 1142 inflati
840 1090 926 1161 [ad
949 1092 1297 1163 delirandum]‚
1315 1095 1592 1145 derivantes
1615 1112 1645 1144 a
1668 1094 1927 1159 disciplina

236 1178 287 1226 in
325 1177 587 1241 profanum
622 1177 836 1237 modum,
876 1177 971 1226 etsi
1007 1178 1106 1243 ipsi
1146 1196 1245 1227 non
1285 1178 1651 1239 confiterentur,
1692 1178 1926 1243 probaret

235 1260 400 1309 exitus
434 1259 700 1309 hodiernus
736 1260 971 1324 ipsorum.
1042 1261 1281 1325 Dispersi,
1316 1261 1597 1326 palabundi,
1633 1266 1686 1310 et
1720 1260 1843 1310 caeli
1873 1265 1927 1309 et

236 1344 327 1393 soli
355 1343 434 1393 sui
457 1350 694 1405 extorres,
717 1348 964 1410 vagantur
995 1361 1084 1409 per
1107 1346 1288 1405 orbem,
1318 1345 1423 1393 sine
1455 1344 1663 1403 homine,
1690 1344 1795 1393 sine
1820 1344 1926 1393 Deo

237 1491 402 1533 mental
438 1491 562 1544 point
599 1505 655 1532 on
684 1491 825 1532 which
856 1493 888 1534 J
892 1492 1057 1533 udaism
1088 1493 1174 1533 and
1206 1493 1490 1547 Christianity
1522 1492 1702 1534 differed
1733 1506 1821 1534 was
1852 1492 1928 1534 the

238 1556 443 1608 Divinity
464 1555 511 1595 of
527 1555 686 1595 Christ.

300 1630 335 1659 1.
364 1621 547 1658 Verum
582 1630 739 1666 neque
779 1621 838 1658 de
878 1620 1068 1659 Christo
1107 1621 1444 1660 erubescimus.
1520 1619 1595 1672 Op.
1634 1619 1758 1660 Rom.
1788 1619 1816 1659 i.
1850 1617 1929 1668 163

245 1682 396 1722 2Tim.
417 1680 445 1719 i.
467 1680 519 1729 83
547 1679 701 1720 Luke’
689 1693 744 1719 lx.
769 1678 833 1719 26.

351 1755 525 1791 quum:
556 1742 696 1782 ‘since
719 1756 783 1782 we
807 1742 961 1796 rejoice
989 1773 999 1782 .
1016 1773 1025 1785 .
1042 1740 1066 1782 .’
1129 1743 1267 1795 Quum
1285 1743 1431 1796 brings
1450 1741 1632 1783 forward
1651 1756 1706 1783 an
1725 1743 1928 1784 evidence

241 1807 288 1846 of
302 1817 444 1846 verum
462 1817 595 1857 meque
614 1834 624 1843 .
647 1834 658 1844 .
680 1834 690 1843 .

301 1879 338 1907 2.
366 1868 600 1914 deputari.
650 1865 803 1905 Either
816 1870 826 1887 ‘
838 1869 885 1906 to
902 1866 955 1906 be
974 1865 1200 1919 assigned,'
1216 1869 1229 1888 ‘
1239 1864 1476 1913 reckoned,'
1489 1879 1535 1907 as
1553 1867 1600 1906 in
1618 1867 1703 1908 last
1722 1866 1802 1917 ch.‚
1824 1870 1928 1916 etc.;

241 1943 310 1971 see
330 1933 458 1977 note3
486 1942 534 1968 or
552 1927 658 1968 with
687 1941 744 1967 an
769 1927 917 1980 ellipse
941 1929 987 1969 of
1010 1930 1059 1968 in
1077 1942 1265 1981 poenam
1287 1947 1323 1961 =
1343 1932 1354 1951 ‘
1368 1932 1414 1969 to
1433 1929 1486 1969 be
1506 1926 1797 1979 condemned,'
1816 1941 1863 1969 as
1881 1929 1928 1968 in

242 1990 423 2044 Capitol.
444 1989 634 2031 Macrin.
664 2001 730 2040 12,
751 1991 918 2031 ‘servos
948 2020 958 2029 .
985 2020 995 2029 .
1025 2021 1034 2030 .
1064 1991 1120 2031 ad
1147 1991 1340 2044 gladium
1368 1990 1461 2031 ludi
1489 1988 1737 2044 deputavit'
1751 2004 1763 2040 ;
1791 2004 1854 2043 cp.
1876 1990 1929 2030 de

242 2052 457 2106 cult.fem.
479 2053 508 2092 i.
532 2064 569 2102 2,
586 2058 596 2074 ⁶
612 2051 804 2092 damnati
823 2053 870 2092 in
887 2066 1067 2105 poenam
1085 2054 1235 2093 mortis
1255 2050 1542 2106 deputantur!

353 2117 507 2165 aliter,
527 2115 597 2156 vae.
620 2114 845 2155 otherwise
862 2114 969 2155 than
989 2116 1043 2155 do
1061 2116 1136 2156 the
1154 2117 1285 2157 Jews.

296 2192 336 2231 4.
367 2180 426 2218 de
457 2180 650 2219 Christo
676 2181 733 2217 ut
763 2180 877 2218 Deo.
936 2177 1010 2230 cp.
1030 2177 1096 2217 ch.
1120 2189 1140 2217 2
1162 2177 1270 2218 with
1298 2181 1410 2228 note,
1432 2177 1518 2218 and
1543 2175 1708 2231 Pliny’s
1729 2176 1859 2218 letter
1882 2182 1928 2218 to

241 2241 411 2294 Trajan.

302 2315 364 2343 10.
395 2301 478 2355 [ad
505 2300 830 2354 delirandum]
888 2301 1046 2341 Added
1073 2301 1119 2341 in
1147 2301 1248 2342 cod.
1278 2302 1404 2343 Fuld.
1448 2301 1584 2343 Other
1614 2301 1709 2342 edd.
1738 2302 1841 2342 read
1868 2302 1929 2342 ad

242 2364 567 2414 declinandum,
586 2377 634 2404 or
653 2364 759 2404 omit
780 2364 1031 2415 altogether.

354 2428 652 2467 derivantes:
686 2429 698 2448 ‘
712 2426 890 2478 turning
927 2423 1072 2466 aeide!
1126 2425 1218 2466 The
1251 2425 1474 2479 metaphor
1500 2426 1536 2466 is
1564 2425 1662 2467 that
1690 2425 1738 2466 of
1761 2440 1787 2467 a
1814 2425 1930 2466 river

241 2489 416 2541 flowing
435 2493 510 2529 out
530 2488 577 2529 of
590 2489 647 2530 its
661 2489 832 2529 wonted
851 2502 1008 2537 course,
1025 2488 1111 2529 and
1130 2489 1166 2529 is
1186 2502 1213 2529 a
1230 2490 1408 2542 parallel
1424 2502 1503 2530 one
1522 2493 1568 2529 to
1587 2489 1684 2529 that
1702 2488 1928 2530 contained

242 2554 288 2593 in
308 2551 556 2592 exorbitare
567 2567 587 2598 ;
616 2564 684 2591 see
704 2554 819 2598 note,
840 2551 906 2590 ch.
927 2550 965 2590 6.

303 2626 365 2655 12.
396 2616 628 2662 Dispersi,
647 2615 921 2661 palabundi.
979 2615 1047 2654 On
1066 2614 1141 2654 the
1161 2618 1271 2655 state
1291 2614 1338 2654 of
1356 2614 1431 2655 the
1450 2616 1569 2655 Jews
1588 2615 1635 2654 in
1653 2611 1926 2654 Tertullian’s

244 2677 328 2730 day
347 2691 415 2717 see
434 2677 529 2717 adv.
557 2675 662 2717 Jud.
688 2687 727 2726 2,
751 2687 827 2726 133
855 2677 908 2716 de
924 2676 1074 2728 pudic.
1096 2677 1147 2726 8;
1175 2677 1330 2717 Euseb.
1351 2677 1411 2717 H.
1433 2677 1485 2718 E.
1506 2677 1564 2717 iv.
1583 2676 1608 2716 6
1631 2675 1724 2730 (the
1749 2675 1860 2716 edict
1886 2675 1932 2715 of

244 2740 444 2780 Hadrian
464 2738 575 2779 after
593 2739 669 2779 the
688 2739 827 2779 revolt
846 2739 892 2778 of
912 2739 1267 2791 Barchochebas),
1288 2737 1338 2778 τὸ
1367 2739 1449 2779 πᾶν
1475 2737 1586 2779 ἔθνος
1612 2738 1655 2790 ἐξ
1679 2735 1834 2778 ἐκείνου
1857 2736 1927 2777 καὶ

243 2802 317 2851 τῆς
335 2800 423 2854 περὶ
442 2799 497 2840 τὰ
513 2799 777 2852 Ἱεροσόλυμα
794 2799 873 2853 γῆς
890 2799 1054 2850 πάμπαν
1076 2799 1296 2845 ἐπιβαίνειν
1314 2799 1505 2852 εἴργεται,
1522 2799 1646 2850 νόμου
1665 2798 1836 2851 δόγματι
1857 2799 1925 2838 καὶ

245 2862 474 2914 διατάξεσιν
495 2863 718 2915 Ἀδριανοῦ,
740 2863 790 2903 ὡς
815 2859 866 2902 ἂν
884 2862 976 2914 μηδ’
998 2862 1040 2914 ἐξ
1064 2861 1247 2902 ἀπόπτου
1267 2863 1455 2915 θεωροΐεν
1477 2861 1527 2902 τὸ
1553 2862 1740 2913 πατρῷον
1767 2860 1924 2912 ἔδαφος,

243 2923 609 2976 ἐγκελευσαμένου.
668 2926 735 2966 On
755 2938 834 2965 one
853 2925 937 2979 day
955 2926 1058 2978 only
1077 2925 1123 2965 in
1149 2925 1224 2966 the
1242 2925 1474 2978 year—the
1493 2925 1771 2976 anniversary
1789 2922 1836 2962 of
1848 2923 1925 2963 the

245 2987 511 3028 destruction
530 2988 576 3027 of
590 2989 621 3028 J
626 2987 1015 3033 erusalem—,could
1033 2987 1108 3027 the
1126 2987 1387 3039 prohibition
1405 2987 1459 3027 be
1480 2985 1643 3027 evaded
1658 2999 1669 3036 ς
1698 2998 1766 3027 see
1778 2985 1924 3026 Vales.

245 3051 305 3090 ad
324 3050 477 3090 Euseb.
501 3050 530 3090 l.
551 3063 586 3092 c.
603 3064 614 3100 ;
643 3064 706 3103 cp.
726 3051 844 3090 Just.
865 3050 1000 3090 Mart.
1018 3050 1147 3101 Apol.
1172 3050 1199 3088 i.
1223 3049 1290 3091 62.

305 3123 367 3163 13.
398 3114 502 3152 sine
534 3115 741 3152 homine.
799 3112 1025 3152 Corrected
1053 3112 1112 3164 by
1140 3111 1326 3164 Scaliger
1360 3110 1557 3164 (perhaps
1596 3110 1924 3163 unnecessarily)

247 3175 339 3215 into
362 3174 454 3216 sine
477 3175 642 3214 nomine
656 3191 669 3215 .-
699 3187 777 3214 one
805 3173 927 3226 Lyon
954 3173 1048 3215 MS.
1072 3174 1226 3214 inserts
1253 3175 1343 3214 sine
1368 3173 1493 3227 again
1519 3172 1661 3214 before
1685 3185 1791 3225 reqe.
1848 3173 1926 3225 Cp.

250 3248 267 3277 1
292 3236 403 3277 Sam.
425 3236 513 3278 viii.
535 3234 573 3285 6,
599 3244 647 3288 73
676 3236 783 3276 Hos.
804 3235 866 3277 iii.
887 3246 941 3287 43
969 3248 1011 3277 x.
1030 3245 1069 3287 3.
