2124 3554
170 205 274 245 cu».
295 197 479 251 val1.]
544 189 804 244 adversus
846 174 1041 246 Ge'ntes
1064 197 1168 256 pro
1210 186 1558 242 Christz'anzk.
1729 202 1832 251 141

171 333 387 383 otiosum
410 339 459 382 et
487 333 822 394 inexercitum,
847 336 897 381 et
918 337 977 381 ut
1005 331 1077 380 ita
1100 330 1322 390 dixerim,
1348 329 1589 379 neminem
1611 329 1837 377 humanis

170 417 319 465 rebus
333 433 346 477 ;
381 415 594 480 positum
616 433 729 464 vero
764 420 904 465 extra
939 416 1172 463 mundum
1209 413 1377 472 Stoici,
1404 412 1490 477 qui
1524 411 1664 475 figuli
1697 412 1839 459 modo

175 498 476 547 extrinsecus
503 502 731 561 torqueat
760 499 934 546 molem
964 498 1119 558 hanc3
1156 497 1287 545 intra
1315 495 1550 544 mundum
1582 493 1837 552 Platonici,

168 580 262 644 qui
299 581 638 643 gubernatoris
659 575 906 644 exemplo,
942 580 1075 629 intra
1109 579 1235 628 illud
1277 582 1483 636 maneat,
1520 578 1651 641 quod
1684 580 1837 640 regat.

176 662 257 711 Sic
279 667 330 712 et
347 663 407 711 de
430 663 535 726 ipso
554 663 733 710 mundo
756 669 902 711 natus
925 662 1186 710 innatusve
1206 660 1285 720 sit,
1306 661 1589 709 decessurus
1614 676 1837 708 mansur·
1854 678 1879 719 5

170 761 295 794 usve
318 744 397 803 sit,
421 745 614 793 variant
627 761 640 804 ;
677 744 746 793 sic
778 749 828 793 et
859 745 919 793 de
947 744 1136 793 animae
1165 747 1313 804 statU,
1340 761 1488 807 quam
1511 742 1597 791 alii
1620 741 1839 790 divinam

174 831 226 875 et
248 830 509 885 aeternam,
526 826 613 875 alii
635 826 968 874 dissolubilem
991 825 1319 874 contendunt:
1357 830 1415 874 ut
1439 824 1548 890 quis
1572 823 1740 883 sensit,
1766 823 1839 871 ita

175 913 226 957 et
249 907 422 956 intulit
445 911 532 956 aut
554 907 848 956 reformavit.

243 990 347 1039 Nec
369 989 562 1050 mirum,
584 989 627 1039 si
643 995 784 1039 vetus
808 990 1192 1038 instrumentum
1215 988 1414 1053 ingenia
1438 989 1838 1053 philosophorum

175 1072 569 1121 interverterunt.
640 1073 719 1120 Ex
758 1073 929 1122 horum
966 1072 1151 1122 semine
1192 1077 1243 1120 et
1284 1076 1499 1120 nostram
1537 1073 1660 1120 hanc
1701 1073 1837 1120 novi·
1856 1097 1909 1125 10

175 1154 343 1203 tiolam
387 1160 671 1219 paraturam
709 1154 804 1203 viri
842 1154 1043 1218 quidam
1085 1154 1186 1203 suis
1227 1154 1540 1218 opinionibus
1582 1155 1644 1203 ad
1685 1154 1837 1218 philo·

175 1236 395 1300 sophicas
433 1237 699 1286 sententias
735 1237 1150 1296 adulteraverunt,
1188 1241 1239 1285 et
1273 1237 1333 1284 de
1369 1254 1468 1284 una
1502 1237 1582 1286 via
1618 1237 1838 1301 obliquos

174 1320 353 1368 multos
399 1319 619 1367 tramites
665 1325 715 1367 et
760 1318 1124 1382 inexplicabiles
1182 1319 1444 1367 sciderunt.
1529 1319 1672 1379 Quod
1729 1320 1839 1368 ideo

175 1401 509 1465 suggesserim,
536 1417 596 1449 ne
620 1402 700 1450 cui
723 1407 841 1450 nota
863 1401 1077 1450 varietas
1102 1405 1259 1450 sectae
1293 1401 1437 1463 hujus
1460 1402 1512 1450 in
1536 1402 1624 1450 hoc
1649 1419 1839 1466 quoque

174 1500 261 1532 nos
297 1482 597 1548 philosophis
634 1483 904 1547 adaequare
938 1483 1181 1541 videatur,
1220 1489 1269 1532 et
1305 1501 1365 1531 ex
1398 1484 1637 1532 varietate
1678 1486 1836 1533 defen·
1858 1511 1904 1551 15

175 1565 379 1614 sionum'
398 1567 584 1629 judicet
625 1566 899 1614 veritatem.
967 1566 1212 1630 Expedite
1259 1573 1422 1615 autem
1466 1568 1839 1630 praescribimus

173 1649 409 1698 adulteris
443 1650 626 1698 nostris
659 1649 799 1698 illam
827 1666 928 1698 esse
964 1649 1180 1713 regulam
1202 1649 1440 1708 veritatis,
1467 1666 1590 1713 quae
1612 1651 1780 1700 veniat
1810 1669 1839 1699 a

231 1795 265 1824 1.
285 1787 523 1825 neminem
537 1786 757 1825 humanis
771 1787 935 1825 rebus:
957 1785 970 1806 ‘
979 1798 1005 1824 a
1016 1784 1246 1836 nonentity
1256 1797 1302 1824 as
1315 1785 1484 1837 regards
1495 1784 1657 1825 human
1670 1784 1840 1826 affairs?

231 1857 268 1886 2.
296 1851 429 1887 extra
450 1850 681 1886 mundum
710 1849 875 1887 Stoici.
929 1846 1029 1885 This
1056 1846 1374 1898 misrepresents
1403 1847 1476 1885 the
1500 1846 1614 1887 Stoic
1641 1847 1839 1900 teaching

171 1907 263 1959 (see
290 1909 436 1958 above,
456 1909 520 1948 ch.
546 1910 633 1959 21),
652 1908 791 1948 which
818 1908 966 1960 placed
994 1908 1068 1948 the
1095 1908 1238 1959 ruling
1266 1909 1390 1959 spirit
1418 1908 1564 1949 within
1592 1908 1667 1948 the
1690 1910 1836 1960 world,

173 1969 427 2023 identifying
456 1971 492 2009 it
521 1970 626 2010 with
659 1970 734 2010 the
761 1970 897 2010 whole
911 1983 922 2018 ;
962 1969 1104 2010 Senec.
1141 1970 1312 2020 Quaest.
1346 1973 1434 2009 nat.
1464 1970 1567 2022 pref.
1597 1971 1742 2010 ‘Solus
1772 1975 1837 2011 est

174 2031 327 2081 omnia,
346 2043 448 2083 opus
467 2044 599 2079 suum,
623 2035 666 2070 et
685 2035 804 2071 extra
823 2035 866 2071 et
886 2030 996 2070 infra
1014 2034 1133 2071 tenet
1146 2031 1181 2079 ';
1209 2044 1340 2083 comp.
1358 2031 1410 2070 de
1428 2032 1503 2072 vit.
1519 2031 1624 2071 beat.
1644 2043 1708 2083 31.
1746 2032 1837 2072 The

175 2092 429 2144 Epicuream
443 2092 593 2144 placed
609 2092 706 2132 God
724 2093 888 2132 outside
906 2092 980 2132 the
999 2092 1157 2140 world;
1176 2092 1326 2136 ,Senem
1347 2093 1397 2133 de
1415 2093 1542 2144 benef}
1563 2094 1620 2135 iv,
1646 2105 1709 2145 19,
1732 2096 1743 2114 ‘
1755 2095 1835 2144 Tu,

175 2153 370 2205 denique,
398 2153 593 2205 Epicure,
621 2154 760 2192 Deum
788 2153 993 2193 inermem
1020 2153 1150 2201 faeis;
1177 2154 1318 2192 omnia
1346 2154 1411 2193 illi
1438 2154 1538 2203 tela,
1569 2168 1735 2194 omnem
1764 2155 1834 2194 de-

175 2213 345 2255 traxisti
371 2215 620 2266 potentiam,
648 2218 692 2254 et
718 2228 773 2254 ne
800 2215 996 2266 cuiquam
1023 2214 1276 2254 metuendus
1305 2218 1429 2265 esset,
1457 2216 1670 2268 projecisti
1698 2217 1835 2268 ipsum

175 2281 294 2316 extra
311 2280 469 2316 metam
481 2277 518 2325 ’3
545 2290 676 2330 comp.
695 2276 757 2315 id.
779 2276 921 2328 Epist.
941 2288 1007 2328 90.

234 2345 269 2388 7.
298 2342 355 2378 ut
374 2341 480 2386 quis
499 2341 659 2387 sensit,
681 2340 760 2376 etc.
818 2338 962 2390 Comp.
982 2338 1145 2377 Athan„
1166 2338 1220 2377 de
1238 2338 1416 2379 Inearn.
1441 2351 1476 2378 2.

230 2412 269 2452 9.
297 2404 434 2440 vetus
455 2402 834 2440 instrumentum.
891 2400 970 2440 See
987 2405 1101 2450 note,
1121 2400 1185 2441 ch.
1209 2402 1269 2439 18.

234 2473 297 2502 10.
327 2464 402 2501 Ex
428 2465 598 2502 horum
625 2465 803 2502 semine
835 2492 845 2503 .
875 2492 886 2503 .
917 2493 928 2503 .
957 2465 1076 2502 viri:
1106 2463 1138 2502 i.
1153 2475 1186 2502 e.
1207 2462 1388 2502 heretics
1407 2463 1514 2512 who,
1533 2463 1619 2503 like
1639 2464 1834 2505 Marcion

175 2524 260 2564 and
277 2524 550 2574 Valentinus,
569 2524 735 2564 excised
754 2525 839 2564 and
855 2524 1139 2576 interpolated
1158 2524 1231 2565 the
1251 2525 1295 2563 N
1298 2539 1360 2564 ew
1378 2525 1623 2565 Testament
1642 2530 1687 2565 to
1709 2527 1835 2580 bring

174 2586 211 2625 it
230 2586 321 2625 into
340 2585 487 2626 accord
505 2586 610 2625 with
628 2586 742 2626 their
766 2599 860 2626 own
879 2586 1085 2634 theories;
1116 2586 1232 2638 Orig.
1253 2590 1379 2627 contr.
1400 2587 1507 2628 Cels.
1527 2588 1570 2628 ii.
1597 2596 1671 2639 273
1700 2602 1832 2641 comp.

176 2648 271 2688 adv.
289 2647 432 2689 Herm.
449 2648 489 2698 8,
511 2650 523 2668 ‘
535 2648 839 2688 haereticorum
858 2648 1121 2700 patriarchae
1135 2648 1371 2700 philosophi
1383 2646 1415 2698 ’;
1444 2649 1495 2688 de
1501 2663 1700 2701 praescr.
1717 2651 1833 2691 haer.

179 2718 217 2762 7,
239 2719 315 2759 303
344 2709 474 2749 Clem.
492 2708 619 2748 Alex·
644 2710 798 2749 Strom.
818 2709 847 2750 i.
871 2717 933 2761 17.

235 2782 297 2822 15.
328 2772 666 2822 defensionum,
687 2774 760 2811 etc.
814 2771 915 2811 Ood.
932 2771 1058 2814 Fuld.
1079 2770 1180 2811 here
1204 2772 1325 2811 reads
1354 2771 1622 2824 defectionem
1649 2772 1832 2814 vindicet

175 2833 381 2873 veritatis.

235 2892 298 2933 16.
326 2896 688 2940 praescribimus
703 2907 716 2934 ε
747 2906 814 2934 see
832 2897 944 2943 note,
965 2893 1030 2934 ch.
1060 2903 1096 2946 7.

235 2962 297 3006 17.
316 2958 527 3001 regulam
538 2958 776 2995 veritatis:
797 2955 902 2995 with
910 2955 997 2995 this
1011 2955 1230 2995 definition
1245 2955 1291 2996 of
1298 2956 1369 2995 the
1378 2956 1487 2996 Rule
1502 2957 1549 2996 of
1560 2957 1689 2996 Fa'ith
1701 2971 1831 3011 comp.

176 3015 227 3057 dc
239 3029 427 3067 praescr.
448 3017 563 3057 haer.
588 3029 652 3068 14,
675 3017 818 3057 ‘Haec
839 3018 987 3069 regula
1005 3030 1031 3056 a
1050 3017 1234 3067 Christo,
1264 3021 1313 3057 ut
1339 3018 1596 3069 probabitur,
1620 3020 1832 3070 instituta,

176 3078 316 3117 nullas
333 3078 462 3118 habet
482 3078 595 3131 apud
613 3092 690 3118 nos
709 3079 988 3130 quaestiones,
1007 3080 1090 3118 nisi
1109 3092 1213 3132 quas
1232 3079 1422 3119 haereses
1443 3080 1644 3129 inferunt,
1663 3086 1707 3121 et
1724 3094 1833 3133 quae

172 3137 403 3179 'haereticos
422 3138 629 3189 faciunt’;
657 3140 714 3180 ib.
738 3147 805 3191 37,
825 3140 896 3180 ‘in
923 3154 975 3180 ea
1001 3141 1148 3193 regula
1177 3141 1408 3181 incedimus
1437 3155 1566 3194 quam
1585 3143 1759 3183 ecclesia
1779 3144 1833 3184 ab

177 3198 408 3252 Apostolis,
426 3201 622 3255 Apostoli
641 3216 667 3243 a
688 3202 866 3253 Christo,
889 3202 1082 3243 Christus
1101 3216 1127 3243 a
1145 3203 1235 3243 Deo
1255 3201 1459 3244 tradidit!
