2124 3554
210 206 279 257 16
678 207 1012 261 Tertulliani
1046 207 1098 259 Α
1092 207 1424 276 polegetz‘cus
1676 218 1797 272 [cu.
1821 222 1893 261 lv.

206 367 374 401 omnes
409 351 462 400 in
487 352 781 403 Christianis
806 369 906 401 non
935 368 1038 401 esse
1062 369 1188 417 quae
1217 352 1270 400 in
1301 368 1351 401 se
1384 369 1483 401 non
1515 352 1739 402 nesciunt
1776 371 1897 416 esse,

206 430 355 480 simul
391 430 466 480 uti
500 432 790 481 erubescant
824 436 1121 493 accusantes,
1161 448 1260 480 non
1295 431 1404 480 dico
1438 431 1638 495 pessimi
1673 434 1895 498 optimos,

207 514 293 563 sed
304 515 421 580 jam,
441 519 500 564 ut
517 515 704 575 volunt,
724 531 974 579 compares
993 532 1119 564 suos.
1179 514 1602 578 Respondebimus
1619 516 1683 564 ad
1701 516 1897 582 singula

207 614 332 662 quae
356 598 410 646 in
435 599 629 647 occulto
659 598 922 648 admittere
957 597 1185 658 dicimur,
1215 614 1339 662 quae
1372 596 1484 646 illos
1517 599 1683 663 palam
1713 599 1896 649 admit-

168 692 192 734 5
207 685 370 731 tentes
393 681 688 741 invenimus,
706 681 762 729 in
785 681 963 746 quibus
987 680 1192 741 scelesti,
1211 681 1264 728 in
1290 680 1470 744 quibus
1493 681 1624 742 vani,
1642 682 1695 730 in
1719 682 1898 747 quibus

207 763 488 825 damnandi,
513 764 568 813 in
591 765 773 829 quibus
790 764 1036 814 irridendi
1061 765 1370 829 deputamur.

279 848 377 898 Sed
410 848 653 912 quoniam,
680 865 793 897 cum
824 848 887 896 ad
918 848 1082 917 omnia
1114 846 1327 896 occurrit
1359 846 1541 896 veritas
1571 851 1754 909 nostra,
1787 865 1896 912 pos-

208 936 364 979 tremo
389 931 552 995 legum
576 931 851 981 obstruitur
874 931 1143 981 auctoritas
1168 932 1404 980 adversus
1428 948 1550 991 eam,
1578 936 1634 980 ut
1659 936 1748 982 aut
1772 932 1898 980 nihil

208 1013 404 1063 dicatur
438 1014 805 1064 retractandum
835 1031 940 1064 esse
970 1018 1081 1078 post
1113 1014 1255 1078 leges,
1282 1019 1370 1063 aut
1398 1014 1607 1079 ingratis
1636 1015 1897 1064 necessitas

144 1120 195 1149 10
209 1097 432 1161 obsequii
474 1099 781 1163 praeferatur
818 1097 1041 1147 veritati:
1090 1098 1151 1146 de
1188 1097 1383 1161 legibus
1424 1097 1563 1162 prius
1610 1115 1897 1148 concurram

207 1181 459 1231 vobiscum
483 1186 543 1230 ut
567 1199 678 1231 cum
702 1181 955 1232 tutoribus
978 1181 1157 1246 legum.
1226 1181 1259 1229 J
1263 1198 1340 1229 am
1364 1180 1581 1245 primum
1605 1198 1753 1246 quam
1776 1181 1898 1230 dure

209 1263 426 1314 definitis
463 1265 700 1314 dicendo:
745 1266 860 1314 Non
900 1265 1017 1315 licet
1054 1282 1158 1314 esse
1199 1265 1314 1314 vos!
1388 1266 1456 1314 Et
1507 1264 1600 1314 1100
1647 1265 1751 1314 sine
1797 1265 1901 1314 ullo

208 1352 486 1398 retractatu
520 1348 806 1397 humaniore
841 1348 1206 1412 praescribitis3
1247 1349 1349 1398 vim
1381 1348 1681 1412 profitemini
1720 1353 1772 1398 et
1807 1348 1904 1397 ini·-

210 1449 357 1496 quam
382 1448 443 1481 ex
468 1449 579 1480 arce
598 1431 994 1493 dominationem,
1018 1431 1060 1481 si
1078 1431 1185 1481 ideo
1209 1434 1399 1496 negatis
1418 1432 1580 1490 licere,
1599 1432 1716 1497 quia
1732 1432 1900 1490 vultis,

146 1534 195 1576 15
210 1532 311 1564 non
346 1515 464 1580 quia
500 1515 673 1564 debuit
707 1533 806 1564 non
842 1515 999 1564 licere.
1072 1515 1218 1577 Quod
1252 1515 1295 1564 si
1329 1516 1446 1580 quia
1478 1532 1576 1564 non
1606 1516 1764 1576 debet,
1790 1515 1911 1569 ideo:

210 1616 309 1648 non
333 1598 485 1647 vultis
509 1591 670 1658 licere,
698 1599 802 1647 sine
841 1598 993 1647 dubio
1023 1597 1075 1646 id
1106 1615 1205 1647 non
1238 1598 1383 1647 debet
1418 1599 1578 1657 licere,
1604 1599 1737 1663 quod
1771 1599 1899 1648 male

209 1682 284 1741 fit,
317 1686 368 1731 et
405 1681 579 1746 utique
610 1681 709 1730 hoc
745 1681 853 1747 ipso
891 1681 1263 1746 praejudicatur
1302 1681 1462 1740 licere,
1500 1682 1632 1745 quod
1669 1682 1791 1730 bene
1830 1680 1900 1731 fit.

212 1764 264 1813 Si
302 1764 481 1814 bonum
516 1765 750 1814 invenero
784 1782 905 1826 esse,
942 1765 1075 1829 quod
1109 1765 1190 1813 lex
1225 1769 1315 1814 tua
1349 1765 1621 1828 prohibuit,
1648 1781 1810 1817 nonne
1839 1782 1902 1813 ex

210 1848 298 1896 1110
337 1847 638 1912 praejudicio
679 1847 940 1912 prohibere
980 1865 1058 1897 me
1100 1865 1199 1896 non
1240 1851 1414 1911 potest,
1457 1847 1589 1912 quod
1631 1847 1673 1896 si
1715 1847 1902 1896 malum

147 1949 198 1977 20
211 1937 353 1991 esset,
376 1931 487 1995 jure
511 1931 825 1996 prohiberetCl
897 1931 951 1981 Si
984 1931 1064 1979 lex
1094 1935 1184 1980 tua
1217 1930 1418 1990 erravit,
1452 1936 1587 1994 puto,
1612 1931 1675 1979 ab
1704 1930 1902 1979 homine

211 2020 445 2079 concepta
469 2019 543 2064 est
557 2030 571 2075 3
608 2031 766 2078 neque
790 2014 922 2065 enim
945 2014 1007 2062 de
1032 2014 1164 2063 caelo
1189 2014 1306 2062 ruit.
1379 2013 1634 2061 Miramini
1657 2013 1902 2062 hominem

211 2102 300 2147 aut
325 2114 489 2147 errare
512 2097 730 2162 potuisse
753 2097 807 2145 in
830 2098 938 2163 lege
963 2097 1230 2157 condenda,
1251 2100 1339 2145 aut
1370 2095 1634 2160 resipuisse
1658 2096 1713 2144 in
1736 2113 1903 2160 repro-

270 2254 308 2294 8.
339 2254 501 2300 legum
531 2254 801 2304 obstruitur
831 2254 1106 2292 auctoritas.
1163 2251 1232 2292 On
1263 2250 1339 2291 the
1371 2250 1476 2291 laws
1507 2250 1649 2291 which
1681 2249 1822 2303 might
1851 2249 1912 2290 be'

215 2315 410 2355 enforced
428 2316 594 2367 against
614 2314 690 2354 the
710 2313 948 2354 Christians
968 2327 1037 2354 see
1055 2314 1130 2354 the
1150 2313 1465 2364 Introduction,
1480 2327 1607 2367 pages
1627 2314 1803 2356 xiii—xv.
1860 2312 1912 2353 It.

214 2378 305 2418 will
325 2378 377 2418 be
392 2378 562 2418 noticed
577 2377 674 2417 that
690 2391 746 2417 no
760 2376 973 2417 reference
993 2377 1027 2416 is
1047 2376 1170 2417 made
1190 2377 1236 2416 in
1250 2377 1369 2417 these
1391 2377 1584 2429 chapters
1599 2381 1645 2417 to
1663 2390 1750 2429 any
1761 2380 1905 2417 recent

216 2441 343 2491 edict,
365 2454 411 2480 as
430 2441 572 2481 would
590 2441 700 2480 have
718 2440 827 2480 been
844 2439 1017 2479 natural
1037 2439 1075 2479 if
1088 2438 1163 2480 the
1182 2439 1360 2492 rescript
1381 2440 1426 2479 of
1451 2439 1631 2480 Severus
1655 2440 1701 2480 in
1722 2451 1798 2479 202
1820 2439 1907 2480 had

215 2504 324 2545 been
343 2504 637 2557 promulgated
656 2503 781 2544 when
799 2502 874 2544 the
888 2503 1087 2556 Apology
1105 2516 1192 2553 was
1211 2503 1397 2544 written.

271 2578 310 2619 9.
341 2569 701 2606 retractandum
720 2578 846 2606 esse:
877 2577 955 2605 see·
965 2569 1066 2605 note
1083 2564 1148 2605 ch.
1173 2577 1193 2604 2
1203 2575 1240 2616 5.

276 2641 337 2670 10.
369 2642 648 2670 concurram
659 2631 920 2669 vobiscum.
963 2633 973 2649 ‘
989 2628 1014 2668 I
1029 2628 1118 2668 will
1133 2641 1294 2680 engage
1309 2627 1416 2668 with
1431 2625 1533 2680 you’
1554 2627 1619 2680 (in
1633 2625 1873 2680 argument)
1893 2640 1905 2676 ;

215 2691 291 2731 the
322 2692 544 2744 metaphor
573 2692 608 2731 is
638 2691 770 2731 taken
800 2690 909 2730 from
940 2690 1014 2730 the
1043 2690 1234 2743 military
1263 2689 1549 2743 signification
1574 2690 1623 2730 of
1649 2703 1901 2732 concurrere.

217 2754 418 2794 Contrast
437 2754 494 2794 its
512 2754 688 2806 judicial
707 2753 908 2806 meaning
925 2753 971 2793 in
989 2752 1054 2794 ch.
1079 2764 1144 2804 24.

277 2827 338 2855 12.
373 2819 486 2856 Non
505 2818 621 2856 licet
641 2828 745 2856 esse
764 2828 852 2856 vos
869 2818 879 2854 !
923 2816 935 2836 ‘
949 2815 1073 2855 Your
1092 2815 1306 2855 existence
1337 2814 1373 2854 is
1400 2811 1576 2867 illega1.’
1623 2813 1907 2867 Christianity

218 2891 305 2917 was
324 2878 369 2916 in
388 2878 598 2918 technical
618 2877 769 2930 phrase
788 2891 815 2917 a
834 2877 993 2928 religio
1004 2877 1182 2926 illicita,
1196 2889 1222 2916 a
1241 2876 1349 2915 form
1368 2876 1416 2915 of
1429 2875 1611 2926 worship
1631 2875 1845 2914 unknown
1860 2880 1907 2914 to

218 2939 293 2980 the
312 2940 394 2979 law
410 2953 420 2988 ;
450 2953 519 2979 see
539 2943 659 2979 notes
680 2939 743 2980 ch.
769 2940 833 2988 18,
855 2949 919 2988 21,
940 2940 1005 2989 38.
1062 2938 1107 2978 It
1127 2937 1422 2989 undoubtedly
1440 2936 1723 2977 contravened
1737 2936 1783 2975 in
1802 2936 1906 2976 both

219 3001 473 3054 particulars
507 2999 688 3041 Cicero’s
727 2999 948 3040 definition
985 2999 1031 3039 of
1065 2999 1204 3052 ‘legal
1220 2997 1303 3028 '—‘
1317 2999 1447 3038 licere
1486 2997 1532 3037 id
1570 2997 1762 3047 dicimus,
1794 2997 1907 3050 quod

220 3063 397 3116 legibus,
417 3063 531 3115 quod
550 3076 667 3102 more
687 3063 895 3120 majorum
915 3060 1208 3112 institutisque
1227 3058 1499 3104 comeditur?
1520 3058 1641 3097 Phil.
1660 3059 1750 3098 xiii.
1763 3057 1812 3098 .6.
1842 3071 1904 3110 14.

222 3126 367 3177 Comp.
392 3127 442 3164 ut
469 3125 606 3164 denuo
631 3125 719 3164 sint
746 3123 1003 3169 Christiani,
1027 3122 1146 3162 ‘that
1171 3122 1244 3161 the
1268 3121 1507 3161 Ohristians
1535 3133 1635 3172 may
1654 3121 1779 3173 again
1797 3120 1907 3160 have

224 3203 248 3228 a
279 3188 391 3240 legal
423 3185 660 3235 existence‚'
694 3191 703 3207 ‘
722 3200 820 3238 may
853 3186 905 3226 be
935 3184 1144 3226 tolerated
1169 3197 1215 3224 as
1246 3184 1379 3232 such‚’
1414 3184 1460 3223 in
1487 3180 1693 3223 Galerius’
1724 3183 1836 3223 edict
1865 3182 1910 3221 of

229 3251 493 3300 Toleration,
513 3249 710 3290 Laetant.
733 3249 785 3287 de
804 3251 926 3289 mort.
946 3247 1066 3288 Pers.
1088 3259 1153 3299 34.
