2124 3554
227 183 324 224 Cn.
343 178 411 232 L.]
548 171 808 224 adversus
863 169 1055 223 Gentes
1079 179 1186 238 pro
1230 170 1578 225 Christianis.
1792 184 1886 239 151

226 313 514 377 captivitate
548 312 812 363 victorem!
883 311 1218 370 Anaxarchus,
1243 329 1353 360 cum
1388 313 1442 360 in
1478 314 1758 377 exemplum
1793 316 1893 379 pti-

225 412 369 444 sanae
403 396 504 459 pilo
540 396 947 444 contunderetur:
983 395 1166 453 Tunde,
1201 395 1370 454 tunde,
1401 395 1578 454 aiebat,
1612 395 1894 445 Anaxarchi

224 478 406 537 follem,
435 477 779 526 Anaxarchum
803 477 932 525 enim
957 494 1053 525 non
1077 477 1276 525 tundis:
1316 494 1344 525 o
1373 477 1655 540 philosophi
1691 494 1894 542 magna-

225 559 510 620 nimitatem,
538 559 625 624 qui
659 561 719 608 de
749 558 839 608 tali
871 576 957 607 suo
989 559 1129 608 exitu
1164 558 1314 607 etiam
1343 546 1631 621 jocabatur!
1703 559 1893 609 Omitto

224 657 306 689 eos
330 642 416 704 qui
440 660 549 691 cum
573 638 736 706 gladio
770 641 968 705 proprio
1002 641 1156 689 aliove
1192 658 1369 704 genere
1404 641 1577 689 mortis
1612 641 1809 690 mitiore
1833 643 1891 690 de
1910 654 1932 695 5

224 722 369 772 laude
415 725 719 789 pepigerunt.
788 724 916 772 Ecce
962 723 1091 772 enim
1132 729 1181 772 et
1221 728 1580 772 tormentorum
1627 724 1894 773 certamina

225 811 517 854 coronantur
538 824 567 855 a
594 806 745 855 vobis.
815 805 986 854 Attica
1012 805 1257 865 meretrix,
1285 805 1507 854 carnifice
1538 808 1639 869 jam
1667 806 1893 869 fatigatO,

224 892 465 951 postremo
484 889 703 952 linguam
718 904 854 936 suam
874 894 1132 936 comestam
1148 887 1203 934 in
1221 886 1396 935 faciem
1415 888 1614 950 tyranni
1633 888 1893 937 saevientis

225 971 434 1035 exspuit,
453 975 511 1019 ut
534 974 791 1034 exspueret
814 976 863 1019 et
885 987 1064 1030 vocem,
1082 987 1142 1018 ne
1167 972 1443 1031 conjuratos
1468 969 1689 1019 confiteri
1712 978 1892 1034 posset,

226 1052 270 1101 si
293 1053 439 1101 etiam
462 1053 594 1103 victa
617 1052 867 1102 voluisset.
936 1052 1068 1100 Zeno
1091 1051 1300 1110 Eleates,
1326 1052 1577 1100 consultus
1601 1070 1630 1100 a
1654 1052 1892 1116 Dionysio
1911 1071 1960 1099 10

226 1134 460 1197 quidnam
506 1134 812 1199 philosophia
855 1139 1145 1199 praestaret,
1193 1151 1344 1196 quum
1389 1134 1733 1197 respondisset,
1782 1152 1892 1184 con-

225 1222 467 1279 temptum
491 1217 675 1276 mortis,
701 1217 907 1280 flagellis
929 1217 1129 1280 tyranni
1161 1217 1408 1278 subjectus
1440 1217 1730 1265 sententiam
1755 1234 1894 1266 suam

225 1299 288 1347 ad
326 1304 533 1348 mortem
578 1316 731 1362 usque
772 1299 1009 1362 signabat.
1081 1298 1225 1347 Certe
1264 1299 1509 1347 Laconum
1551 1299 1758 1362 flagella,
1802 1301 1893 1349 sub

226 1381 378 1429 oculis
422 1381 568 1430 etiam
618 1381 920 1430 hortantium
977 1380 1360 1444 propinquorum
1410 1381 1651 1440 acerbata,
1699 1387 1892 1431 tantum

225 1462 454 1511 honorem
500 1463 786 1512 tolerantiae
832 1463 995 1512 domui
1040 1463 1309 1520 conferunt,
1358 1467 1598 1526 quantum
1643 1463 1894 1527 sanguinis
1911 1490 1959 1529 15

223 1545 458 1595 fuderint.
529 1546 573 1594 O
596 1545 800 1609 gloriam
835 1546 1032 1602 licitam,
1059 1545 1176 1610 quia
1210 1545 1485 1604 humanam,
1512 1545 1592 1593 cui
1627 1562 1715 1594 nec
1750 1563 1892 1610 prae-

224 1627 436 1691 sumptio
469 1628 674 1691 perdita,
699 1645 786 1677 nec
821 1628 1070 1692 persuasio
1107 1630 1364 1692 desperata
1393 1628 1663 1691 deputatur
1696 1628 1749 1676 in
1781 1646 1891 1677 con-

222 1713 416 1773 temptu
460 1709 632 1759 mortis
677 1715 729 1759 et
774 1711 1046 1759 atrocitatis
1088 1711 1402 1769 omnimodae,
1446 1709 1526 1757 cui
1566 1714 1765 1758 tantum
1804 1728 1893 1775 pro

222 1792 398 1856 patria,
431 1809 520 1856 pro
555 1809 686 1855 agro,
715 1809 804 1856 pro
838 1793 1056 1857 imperio,
1081 1809 1172 1855 pro
1206 1791 1422 1840 amicitia
1456 1791 1562 1855 pati
1598 1793 1892 1855 permissum

220 1879 308 1933 est,
350 1879 586 1938 quantum
623 1892 712 1939 pro
747 1875 854 1922 Deo
889 1892 989 1923 non
1022 1875 1163 1923 licet!
1237 1874 1303 1921 Et
1336 1878 1499 1922 tamen
1533 1874 1634 1922 illis
1669 1876 1891 1924 omnibus
1911 1899 1962 1925 20

221 1961 272 2005 et
308 1961 492 2006 statuas
528 1957 808 2016 defunditis,
845 1961 894 2005 et
929 1957 1166 2020 imagines
1200 1956 1483 2015 inscribitis,
1521 1962 1572 2004 et
1609 1956 1781 2006 titulos
1821 1958 1890 2005 in-

223 2037 385 2087 ciditis
422 2038 476 2085 in
515 2039 886 2098 aeternitatem3
937 2044 1176 2102 quantum
1221 2039 1281 2087 de
1319 2039 1646 2087 monumentis
1686 2039 1891 2102 potestis

223 2119 421 2179 scilicet,
467 2121 725 2183 praestatis
771 2126 822 2170 et
868 2121 964 2184 ipsi
1006 2120 1361 2184 quodammodo
1401 2120 1606 2168 mortuis
1647 2137 1891 2170 resurrec-

281 2218 316 2247 1.
347 2210 666 2248 Anaxarchus.
722 2208 844 2260 Diog.
865 2208 1006 2248 Laert.
1023 2222 1062 2248 x.
1086 2219 1153 2261 59,
1172 2206 1317 2247 πτίσσε
1338 2205 1412 2246 τὸν
1430 2205 1680 2258 Ἀναξάρχου
1699 2206 1890 2258 θύλακον,

223 2266 473 2319 Ἀνάξαρχον
492 2268 534 2308 δὲ
555 2269 602 2308 οὗ
621 2267 824 2319 πλήττεις.
882 2270 1015 2309 Much
1034 2269 1108 2309 the
1127 2283 1241 2309 same
1267 2273 1386 2321 story
1404 2269 1440 2308 is
1465 2269 1629 2309 related
1648 2270 1693 2308 of
1715 2269 1830 2309 Zeno
1849 2270 1896 2309 of

224 2329 340 2379 Elea,
363 2331 484 2382 Diog.
505 2331 647 2371 Laert.
667 2331 724 2371 ix..
738 2333 808 2388 38,
826 2330 890 2381 Δὴ
909 2329 987 2382 γάρ
1007 2344 1054 2370 σε
1073 2330 1215 2376 λαβὼν
1235 2331 1257 2370 ὁ
1277 2328 1481 2382 τύραννος,
1503 2331 1546 2369 ἐν
1565 2331 1679 2383 ὁλμῷ
1703 2330 1817 2385 κόψε·
1848 2330 1891 2371 τί

222 2392 345 2431 τοῦτο
363 2390 500 2447 λέγῳς
528 2392 644 2442 σῶμα
662 2390 754 2444 γάῤ,
779 2391 874 2443 οὐχὶ
893 2391 936 2432 δέ
957 2405 1017 2432 σε.

277 2454 315 2493 8·.
344 2456 555 2510 linguam
580 2467 714 2493 suam
735 2485 745 2494 .
763 2484 772 2493 .
791 2483 800 2493 .
821 2457 1022 2501 exspuit.
1080 2453 1183 2494 This
1203 2454 1239 2493 is
1257 2454 1346 2493 also
1365 2453 1528 2493 related
1549 2453 1595 2493 of
1608 2454 1887 2494 Anaxarchus

222 2515 307 2554 and
331 2516 377 2554 of
393 2513 506 2556 Ze‘no
530 2516 588 2567 by
606 2516 728 2567 Diog.
748 2516 890 2556 Laert.
912 2516 958 2555 in
985 2516 1058 2556 the
1080 2529 1274 2569 passages
1302 2516 1435 2556 above
1463 2516 1574 2555 cited
1590 2529 1602 2565 3
1630 2529 1762 2568 comp.
1783 2517 1882 2557 Val.

222 2577 339 2618 Max.
361 2578 421 2617 iii.
446 2588 481 2627 3.
505 2589 544 2628 4,
567 2578 613 2617 of
627 2577 915 2618 Anaxarchus.

281 2650 342 2679 10.
377 2642 503 2680 Zeno
522 2670 532 2680 .
557 2669 568 2680 .
594 2670 604 2679 .
626 2653 653 2679 a
665 2642 908 2687 Dionysio.
955 2640 1045 2680 The
1059 2643 1207 2692 tyrant
1222 2639 1357 2679 under
1375 2639 1513 2679 whom
1525 2639 1638 2678 Zeno
1654 2640 1836 2680 suffered
1847 2639 1883 2680 is

222 2702 356 2743 called
371 2702 590 2742 Nearchus
605 2716 652 2742 or
666 2703 900 2742 Diomedon
911 2702 957 2741 in
972 2702 1092 2753 Diog.
1109 2703 1163 2742 ix.
1185 2701 1256 2747 263
1277 2715 1407 2753 comp.
1427 2701 1524 2741 Val.
1542 2702 1660 2740 Max.
1677 2701 1737 2740 iii.
1757 2712 1792 2751 3.
1817 2714 1836 2740 2
1851 2702 1879 2742 f.

279 2774 338 2803 11.
368 2768 688 2810 contemptum
708 2767 886 2804 mortis.
929 2764 1029 2804 Cod.
1049 2764 1172 2803 Fuld.
1193 2766 1433 2815 contemptu
1451 2762 1597 2802 mortis
1611 2764 1884 2815 impassibilis

212 2825 320 2875 fieri.

278 2898 340 2926 21.
373 2891 553 2926 statuas
574 2888 835 2927 defunditis
854 2903 864 2928 ε
893 2889 999 2940 ‘you
1018 2885 1128 2928 cast'
1150 2887 1237 2937 (lit.
1265 2890 1392 2939 ‘pour
1410 2884 1510 2934 out,'
1530 2887 1559 2926 i.
1578 2899 1609 2926 e.
1629 2886 1704 2926 the
1722 2887 1884 2926 molten

219 2948 349 2987 metal
368 2948 457 2987 into
475 2948 549 2987 the
569 2948 696 2999 shape
717 2948 778 3000 of)
799 2950 810 2970 ‘
824 2947 1014 2989 statues!

328 3011 495 3048 titulos
529 3011 755 3048 inciditis.
827 3010 904 3049 See
928 3014 1048 3050 notes
1075 3023 1130 3050 on
1156 3010 1317 3060 titulus,
1338 3010 1402 3050 ch.
1432 3021 1469 3059 1,
1488 3009 1572 3050 and
1591 3009 1794 3059 incidere,
1815 3009 1879 3051 ch.

223 3081 242 3108 2
248 3082 295 3121 53
325 3071 410 3110 and
428 3071 491 3110 for
509 3085 535 3111 a
553 3071 717 3111 similar
736 3072 983 3123 expression,
1005 3072 1088 3112 Cic.
1112 3073 1160 3111 in
1180 3072 1299 3112 Verr.
1323 3073 1378 3112 iv.
1405 3083 1470 3123 34.

277 3143 338 3182 23.
370 3135 712 3179 quodammodo
739 3135 939 3172 mortuis
967 3135 1370 3173 resurrectionem.
1440 3133 1709 3173 Resurrectio
1729 3133 1764 3172 is
1783 3132 1887 3171 used

219 3192 375 3246 loosely
396 3193 461 3233 for
482 3193 556 3233 the
590 3194 868 3234 continuance
901 3208 947 3234 as
976 3195 1012 3234 it
1042 3208 1151 3234 were
1181 3194 1227 3234 of
1254 3194 1328 3234 life
1353 3193 1461 3234 after
1484 3194 1612 3235 death
1636 3195 1680 3235 in
1709 3193 1886 3234 life-like
