2124 3554
734 983 1236 1038 APPENDIX.

965 1122 1008 1171 Ι.

274 1305 323 1355 S.
349 1305 738 1355 Hmizonrmus:
777 1320 846 1354 nu
884 1319 1026 1353 vims
1061 1319 1413 1365 ILLUSTRIBUS,
1451 1320 1560 1354 cAP.
1599 1321 1710 1355 Lm.

596 1449 784 1503 (Miyne,
803 1448 976 1489 Patrol.
997 1449 1095 1490 Lat.
1117 1449 1234 1490 xxiii.
1257 1448 1371 1501 661.)

216 1618 617 1667 TERTULLIANUS
648 1618 917 1681 presbyter,
950 1634 1080 1666 nunc
1123 1617 1319 1666 demum
1354 1617 1542 1681 primus
1574 1623 1685 1681 post
1710 1618 1816 1666 Vic-

147 1701 301 1744 torem
336 1702 386 1744 et
404 1695 727 1759 Apollonium
751 1696 1039 1745 Latinorum
1062 1695 1277 1759 ponitur,
1302 1696 1581 1760 provinciae
1606 1695 1817 1755 Africae,

146 1774 363 1823 civitatis
384 1774 816 1838 Carthaginiensis,
838 1778 979 1838 patre
1000 1774 1282 1823 centurione
1306 1773 1657 1838 proconsulari.
1720 1775 1817 1823 Hic

146 1853 271 1901 acris
297 1859 345 1902 et
368 1852 665 1902 vehementis
688 1852 891 1917 ingenii,
914 1853 1003 1902 sub
1029 1853 1209 1902 Severo
1235 1852 1457 1916 principe
1490 1858 1540 1901 et
1565 1852 1817 1902 Antonino

147 1932 398 1982 Caracalla
420 1932 630 1980 maxime
655 1932 847 1990 floruit;
886 1934 1141 1996 multaque
1178 1932 1371 1995 scripsit
1395 1932 1645 1980 volumina
1677 1949 1816 1995 quae,

147 2011 263 2074 quia
284 2017 400 2059 nota
434 2016 548 2059 sunt
580 2011 823 2074 pluribus,
849 2010 1303 2074 praetermittimus.
1373 2011 1491 2059 Vidi
1524 2028 1614 2074 ego
1650 2028 1819 2073 quem-

149 2089 263 2137 dam
297 2089 502 2138 Paulum
538 2089 848 2149 Concordiae,
892 2090 1021 2152 quod
1056 2089 1286 2153 oppidum
1322 2089 1496 2137 Italiae
1531 2093 1618 2149 est,
1656 2106 1819 2138 senem

149 2168 236 2231 qui
272 2184 322 2215 se
356 2167 487 2216 beati
525 2167 773 2230 Cypriani,
806 2170 912 2229 jam
946 2167 1146 2230 grandis
1182 2167 1375 2227 aetatis,
1412 2167 1671 2226 notarium,
1708 2185 1819 2216 cum

148 2245 250 2309 ipse
285 2246 544 2294 admodum
580 2251 707 2295 esset
743 2246 1033 2304 adolescens,
1071 2246 1254 2294 Romae
1289 2245 1470 2294 vidisse
1505 2245 1704 2305 diceret,
1740 2263 1817 2294 re—

148 2324 370 2387 ferreque
395 2324 488 2372 sibi
505 2323 710 2372 solitum
728 2341 977 2387 nunquam
994 2323 1300 2387 prrianum
1324 2324 1505 2388 absque
1529 2323 1820 2373 Tertulliani

148 2401 356 2450 lectione
393 2420 545 2450 unum
587 2403 715 2450 diem
751 2401 1080 2466 praeteriisse,
1120 2419 1175 2450 ac
1201 2401 1294 2450 sibi
1332 2403 1498 2450 crebro
1535 2402 1693 2451 dicere
1734 2404 1818 2451 Da

148 2469 448 2544 mayistrum,
476 2480 837 2529 Tertullianum
861 2480 1091 2530 videlicet
1115 2480 1409 2544 significans.

218 2559 329 2618 Hic,
347 2577 453 2607 cum
469 2576 621 2622 usque
639 2559 701 2606 ad
719 2559 932 2607 mediam
950 2563 1159 2607 aetatem
1174 2558 1428 2622 presbyter
1446 2558 1691 2607 Ecclesiae
1709 2576 1818 2622 per-

148 2638 417 2698 mansisset,
445 2637 631 2685 invidia
654 2641 824 2700 postea
857 2641 907 2684 et
933 2636 1239 2685 contumeliis
1265 2636 1549 2684 clericorum
1573 2637 1818 2685 Romanae

146 2715 402 2776 Ecclesiae,
429 2716 492 2763 ad
515 2715 742 2764 Montani
760 2715 934 2778 dogma
950 2716 1189 2778 delaPSUS,
1214 2715 1267 2762 in
1290 2715 1460 2763 multis
1483 2715 1625 2763 libris
1649 2716 1817 2765 Novae

148 2793 462 2857 Propheticae
485 2792 736 2853 meminit3
775 2793 1049 2856 specialiter
1072 2797 1236 2842 autem
1267 2793 1525 2841 adversum
1549 2793 1818 2842 Ecclesiam

147 2872 308 2920 texuit
331 2871 592 2930 volumina,
619 2872 676 2919 de
698 2871 965 2936 pudicitia,
991 2873 1047 2919 de
1074 2873 1416 2935 persecutione,
1442 2872 1497 2919 de
1517 2871 1738 2935 jejuniis,
1763 2872 1819 2918 de

145 2953 471 3013 monayamia,
496 2951 552 2998 de
575 2953 750 2998 exstasi
764 2950 915 2998 libros
934 2967 1031 3008 sex,
1052 2956 1102 2999 et
1122 2950 1382 3014 septimum
1403 2966 1544 3013 quem
1563 2950 1819 2998 adversum

147 3024 461 3087 Apollonium
494 3025 778 3088 composuit.
847 3026 1122 3089 Ferturque
1156 3025 1333 3074 vixisse
1367 3042 1522 3087 usque
1558 3025 1619 3072 ad
1655 3025 1816 3073 decre-

146 3102 300 3164 pitam
334 3108 555 3163 aetatem,
599 3108 650 3152 et
690 3104 861 3164 multa,
904 3120 1026 3168 quae
1067 3121 1164 3152 non
1205 3107 1400 3152 exstant
1436 3103 1668 3167 opuscula
1704 3120 1815 3151 con—

147 3179 339 3230 didisse.
