2124 3554
203 249 301 290 011».
317 240 450 293 XV1.]
530 233 791 286 adversus
832 231 1026 285 Gentes
1049 240 1156 299 pro
1197 230 1543 285 Christianis.
1800 240 1868 297 57

202 376 434 427 materiae
469 376 677 440 qualitas
711 376 879 424 eadem
913 375 1010 435 sit3
1050 374 1233 424 viderit
1267 375 1434 432 forma,
1472 375 1591 422 dum
1622 373 1676 422 id
1710 374 1870 437 ipsum

203 459 283 507 dei
328 475 502 522 corpus
549 459 628 507 sit.
715 458 787 507 Et
831 462 994 506 tamen
1034 462 1219 521 quanto
1266 456 1591 520 distinguitur
1636 474 1667 505 a
1714 455 1871 505 crucis

203 540 371 604 stipite
394 541 562 589 Pallas
586 541 770 602 Attica,
794 544 845 590 et
877 539 1023 601 Ceres
1045 539 1242 598 Pharia,
1268 557 1393 604 quae
1430 539 1533 587 sine
1567 538 1723 602 effigie
1757 538 1873 587 rudi

202 624 315 688 palo
343 628 394 672 et
417 617 615 675 informi
646 623 780 688 ligno
810 623 1031 687 prostat?
1101 623 1219 670 Pars
1249 622 1404 671 crucis
1429 626 1503 670 est
1528 638 1668 669 omne
1703 621 1870 680 robur,

204 706 334 769 quod
371 710 532 754 erecta
572 705 782 755 statione
825 704 1084 768 defigitur;
1134 721 1233 764 nos,
1272 704 1314 752 si
1356 704 1496 763 forte,
1535 703 1786 766 integrum
1822 708 1871 751 et
1888 722 1913 766 5

203 793 361 837 totum
386 789 530 836 deum
558 789 774 836 colimus.
844 786 1074 835 Diximus
1105 786 1342 849 originem
1376 786 1576 834 deorum
1599 790 1872 834 vestrorum

203 888 233 919 a
256 870 428 934 plastis
451 872 511 919 de
534 888 676 918 cruce
701 869 883 918 induci.
955 869 1053 918 Sed
1077 875 1126 917 et
1148 868 1392 917 Victorias
1426 867 1652 927 adoratis,
1680 885 1790 916 cum
1817 868 1872 915 in

203 952 415 1017 tropaeis
451 969 615 1001 cruces
649 951 881 1000 intestina
917 950 1016 999 sint
1046 956 1366 1014 tropaeorum.
1436 949 1633 1014 Religio
1662 950 1872 997 Roman-

203 1051 342 1084 orum
389 1039 496 1082 tota
541 1035 795 1083 castrensis
842 1033 982 1096 signa
1027 1038 1304 1093 veneratur,
1352 1033 1491 1096 signa
1529 1033 1680 1096 jurat,
1731 1032 1872 1094 signa

203 1118 424 1166 omnibus
448 1117 543 1165 diis
566 1116 832 1180 praeponit.
905 1116 1085 1166 Omnes
1117 1116 1193 1163 illi
1224 1115 1494 1179 imaginum
1529 1119 1783 1178 suggestus
1818 1114 1871 1160 in
1891 1138 1942 1165 10

204 1199 355 1263 signis
400 1199 601 1247 monilia
646 1215 843 1246 crucum
890 1202 1019 1247 sunt.
1096 1197 1303 1262 Siphara
1350 1198 1436 1245 illa
1482 1197 1775 1246 vexillorum
1822 1200 1872 1244 et

204 1282 547 1330 cantabrorum
583 1281 733 1329 stolae
769 1298 967 1328 crucum
1001 1287 1130 1332 sunt.
1200 1281 1370 1329 Laudo
1408 1279 1729 1344 diligentiam,
1765 1279 1870 1326 nol-

205 1363 351 1412 uistis
374 1365 529 1413 nudas
552 1368 601 1411 et
623 1363 830 1411 incultas
855 1380 1019 1412 cruces
1043 1380 1333 1412 consecrare.

275 1445 382 1496 Alii
413 1447 556 1511 plane
591 1445 851 1494 humanius
886 1451 935 1494 et
958 1445 1271 1494 verisimilius
1297 1445 1458 1494 Solem
1490 1445 1695 1493 credunt
1728 1445 1873 1493 deum

204 1538 440 1582 nostrum.
510 1527 592 1577 Ad
615 1529 800 1587 Persas,
826 1529 868 1577 si
897 1529 1038 1588 forte,
1063 1529 1410 1592 deputabimur
1433 1527 1572 1592 <licet
1601 1527 1751 1576 solem
1774 1544 1871 1575 non
1892 1552 1940 1592 15

204 1616 258 1664 in
286 1615 437 1662 linteo
461 1611 706 1675 depictum
728 1610 1002 1676 adoremus)
1027 1611 1259 1659 habentes
1290 1610 1453 1674 ipsum
1480 1610 1665 1673 ubique
1697 1610 1751 1657 in
1787 1626 1872 1658 suo

205 1696 373 1760 clipeo.
449 1693 671 1757 Denique
730 1692 843 1742 inde
889 1693 1113 1757 suspicio,
1162 1693 1292 1756 quod
1347 1692 1620 1741 innotuerit
1672 1707 1759 1740 nos
1810 1691 1873 1740 ad

205 1777 404 1827 orientis
426 1775 670 1838 regionem
700 1774 904 1838 precari.
973 1776 1069 1825 Sed
1103 1779 1156 1823 et
1191 1774 1410 1839 plerique
1433 1779 1650 1822 vestrum
1685 1773 1872 1822 affecta-

203 1901 400 1942 material
419 1900 456 1941 is
475 1899 549 1939 the
569 1897 711 1939 same.'
764 1899 854 1939 The
873 1901 1110 1951 expression
1129 1900 1165 1939 is
1184 1913 1210 1939 a
1233 1912 1426 1939 common
1445 1913 1523 1939 one
1543 1899 1590 1938 in
1608 1897 1871 1946 Tertullian3

203 1978 266 2017 cp.
286 1964 353 2004 ch.
376 1973 439 2014 25,
459 1961 656 2001 ‘Viderit
682 1960 863 2014 Cybele’
876 1975 887 2011 3
916 1962 1014 2001 adv.
1037 1962 1182 2003 Herm.
1206 1973 1244 2011 1,
1264 1961 1362 2000 ‘sed
1390 1962 1544 2001 viderit
1573 1973 1748 2012 persona
1775 1973 1871 1999 cum

205 2027 394 2066 doctrina
410 2024 515 2063 mihi
535 2024 725 2075 quaestio
743 2024 799 2063 sit
813 2022 848 2074 ';
877 2024 971 2066 adv.
989 2023 1201 2065 Valentin.
1215 2022 1256 2073 6,
1270 2029 1280 2046 ‘
1295 2023 1452 2063 viderit
1472 2023 1739 2063 soloecismus
1751 2020 1761 2038 ’
1778 2036 1790 2071 ;
1818 2022 1871 2061 de

204 2088 312 2139 viry.
335 2086 414 2127 vel.
437 2093 486 2137 73
515 2085 568 2124 de
586 2085 688 2125 idol.
713 2096 775 2125 11.

261 2159 299 2200 5.
320 2150 362 2188 si
372 2150 519 2187 forte:
545 2149 556 2168 ‘
568 2147 605 2185 if
613 2151 659 2186 at
674 2143 772 2195 all';
791 2146 875 2186 and
887 2160 933 2187 so
943 2147 1090 2196 below,
1108 2147 1192 2186 and
1207 2146 1271 2187 011.
1286 2157 1335 2198 41
1355 2159 1364 2186 :
1385 2159 1447 2198 cp.
1466 2145 1523 2185 ‘si
1537 2142 1784 2197 utique,'eh.
1801 2156 1868 2196 49.

264 2221 328 2250 10.
359 2211 434 2248 1111
456 2210 716 2254 imaginum
742 2213 1014 2255 suggestus:
1046 2214 1056 2230 ⁴
1071 2209 1130 2248 all
1151 2209 1272 2248 those
1300 2212 1431 2247 crests
1457 2207 1503 2246 of
1526 2207 1684 2259 images
1715 2219 1768 2246 011
1795 2206 1870 2246 the

206 2270 430 2311 standards
450 2283 521 2309 are
547 2270 763 2309 neeklaces
790 2270 836 2309 of
858 2283 1015 2309 crosses
1028 2268 1065 2319 ';
1092 2271 1167 2310 the
1185 2269 1285 2321 gold
1307 2269 1392 2309 and
1411 2268 1539 2308 silver
1556 2269 1716 2320 images
1736 2268 1781 2307 of
1795 2268 1870 2308 the

206 2344 414 2384 emperors
433 2331 518 2370 and
535 2331 638 2383 gods
655 2330 793 2370 which
810 2343 921 2371 were
940 2331 1053 2370 fixed
1070 2331 1210 2370 round
1229 2331 1302 2370 the
1321 2335 1415 2382 tops
1435 2331 1480 2369 of
1495 2329 1729 2369 standards.

265 2404 328 2448 11.
361 2393 800 2444 Siphara=siparia‚
836 2394 848 2415 ‘
865 2393 988 2432 small
1017 2389 1250 2445 hangings'
1278 2405 1337 2444 ,or
1369 2391 1557 2431 eurtains
1588 2390 1790 2431 attached
1826 2394 1872 2430 to

157 2481 165 2490 ι
205 2455 279 2495 the
296 2456 476 2495 banners
495 2454 580 2493 and
599 2454 821 2494 standards
844 2454 1102 2505 (cantabra).

265 2527 330 2569 14.
364 2518 522 2557 Solem
546 2518 746 2556 credunt
772 2519 912 2555 deum
930 2520 1157 2556 nostrum.
1211 2526 1247 2565 3.
1271 2514 1471 2566 Worship
1490 2514 1537 2553 of
1550 2513 1625 2553 the
1645 2513 1748 2555 Sun.
1795 2513 1870 2565 Cp.

205 2579 263 2619 ad
282 2579 385 2619 Nat.
406 2579 436 2618 i.
460 2589 526 2628 13.

265 2640 326 2681 16.
356 2643 409 2679 in
432 2641 584 2679 linteo
611 2641 865 2685 depictum.
925 2638 999 2690 Cp.
1022 2638 1189 2691 vopisc.
1210 2637 1356 2678 Awrel.
1379 2649 1416 2689 5,
1440 2639 1451 2660 ‘
1465 2638 1567 2677 data
1595 2641 1660 2677 est
1688 2637 1727 2677 ei
1752 2650 1870 2689 prae-

204 2705 335 2751 terea,
355 2715 450 2742 cum
474 2702 638 2752 legatus
663 2700 718 2739 ad
745 2700 894 2740 Persas
922 2701 1038 2749 isset,
1067 2703 1226 2752 patera,
1250 2700 1386 2751 qualis
1416 2699 1524 2739 solet
1547 2699 1871 2750 imperatoribus

206 2764 298 2803 dari
331 2777 357 2803 3
394 2776 492 2815 rege
526 2762 764 2811 Persarum,
796 2762 843 2801 in
879 2775 963 2815 qua
1000 2762 1236 2814 insculptus
1276 2765 1368 2801 erat
1406 2760 1477 2800 Sol
1514 2774 1563 2800 eo
1599 2761 1750 2800 habitu
1788 2773 1871 2812 quo

205 2822 445 2870 colebatur,'
465 2827 542 2864 eto.

315 2889 368 2925 in
395 2899 481 2926 suo
507 2888 683 2932 clipeo:
712 2885 742 2924 i.
753 2898 784 2925 e.
815 2884 890 2924 the
915 2885 1040 2924 vault
1065 2883 1110 2924 of
1134 2884 1298 2924 heaven
1312 2897 1323 2933 ;
1361 2896 1423 2936 op.
1445 2883 1557 2923 Ovid
1582 2883 1690 2923 Met.
1713 2882 1742 2922 i.
1766 2893 1845 2921 110
1859 2895 1871 2930 ;

205 2947 294 2988 xiii.
319 2958 393 3001 291
411 2961 422 2996 3
453 2948 581 2987 Hom.
601 2946 728 2986 Iliad
745 2946 862 2986 xviii.
882 2948 959 2998 481
985 2946 1030 2986 ff.

264 3017 326 3061 17.
356 3013 417 3050 ad
445 3011 644 3049 orientis
671 3010 915 3055 regionem
942 3010 1137 3054 precari.
1193 3006 1294 3046 This
1313 3011 1476 3047 custom
1494 3019 1579 3047 was
1598 3006 1750 3046 almost
1776 3005 1870 3045 uni-

206 3071 343 3110 versal
361 3071 408 3109 in
426 3070 500 3110 the
519 3071 639 3122 early
657 3069 836 3110 Ohurch.
893 3069 983 3109 The
1003 3074 1107 3117 east,
1127 3082 1173 3109 as
1192 3068 1266 3108 the
1285 3069 1430 3120 region
1460 3069 1506 3108 of
1526 3067 1647 3119 light,
1667 3080 1753 3107 was
1776 3080 1873 3107 0011-

205 3132 370 3172 sidered
397 3136 442 3172 to
469 3132 522 3172 be
549 3131 752 3184 symbolic
780 3130 826 3170 of
849 3131 992 3171 Christ
1019 3131 1093 3170 the
1119 3130 1207 3170 Sun
1234 3129 1280 3169 of
1299 3130 1645 3181 Righteousness,
1663 3129 1739 3170 the
1757 3130 1871 3181 Day-

206 3193 349 3244 spring
375 3192 470 3233 who
498 3193 679 3244 brought
707 3192 818 3244 light
846 3196 892 3232 to
919 3193 994 3232 the
1022 3191 1153 3232 world
1180 3192 1318 3231 which
1346 3192 1418 3245 lay
1446 3192 1494 3231 in
1522 3191 1735 3231 darkness.
1795 3191 1868 3242 Cp.

206 3255 353 3306 Apost.
377 3255 517 3295 Const.
538 3255 580 3294 ii.
603 3262 681 3307 573
711 3255 751 3296 S.
771 3255 882 3307 Aug.
908 3255 959 3295 de
986 3267 1104 3295 serm.
1126 3254 1245 3295 Dom.
1266 3255 1311 3295 ii.
1337 3265 1374 3306 5,
1402 3257 1551 3306 ‘quam
1579 3254 1634 3293 ad
1662 3252 1871 3293 orationes
