2124 3554
198 239 295 277 Car.
316 233 406 286 1V.]
522 225 782 277 adversus
826 222 1020 276 Gentes
1043 230 1150 290 pro
1191 221 1535 276 Christianis,
1801 229 1866 287 15

195 389 224 419 a
259 369 395 419 vobis
429 367 566 435 (nam
607 384 695 417 nec
731 365 937 415 nominis
973 370 1106 414 certa
1141 370 1216 414 est
1255 365 1433 414 notitia
1467 382 1615 428 penes
1649 361 1770 428 vos),
1808 363 1868 411 de

196 452 437 501 suavitate
469 450 545 500 vel
584 449 886 512 benignitate
921 447 1241 511 compositum
1276 453 1365 496 est.
1450 446 1632 496 Oditur
1666 462 1780 508 ergo
1814 444 1867 492 in

198 533 471 582 hominibus
495 532 714 580 innocuis
738 531 886 579 etiam
908 547 1085 578 nomen
1108 530 1382 578 innocuum.

265 615 338 664 At
355 616 486 664 enim
511 618 642 672 secta
663 613 831 681 oditur
853 612 906 659 in
929 612 1121 659 nomine
1141 611 1311 674 utique
1337 611 1414 660 sui
1437 610 1666 659 auctoris.
1738 609 1869 670 Quid

198 698 326 756 novi,
354 696 396 745 si
419 697 583 759 aliqua
607 695 865 759 disciplina
900 694 960 742 de
983 694 1217 757 magistro
1252 698 1625 757 cognomentum
1661 696 1867 742 sectato·
1884 704 1907 745 5

199 780 336 829 ribus
377 778 478 843 suis
520 777 748 826 inducit?
832 777 1008 825 Nonne
1043 775 1320 840 philosophi
1355 776 1414 824 de
1453 774 1731 824 auctoribus
1769 773 1870 823 suis

199 865 547 926 nuncupantur
581 859 833 920 Platonici,
861 858 1109 923 Epicurei,
1137 858 1486 922 Pythagorici?
1522 858 1670 906 etiam
1701 876 1730 906 a
1752 857 1870 905 locis

201 944 645 994 conventiculorum
692 948 741 990 et
787 941 1052 990 stationum
1099 958 1293 990 suarum
1342 940 1510 999 Stoici,
1556 939 1870 988 Academici2

201 1032 347 1089 atque
382 1025 557 1074 medici
593 1025 654 1073 ab
692 1023 1003 1082 Erasistrato,
1039 1027 1089 1072 et
1124 1022 1435 1086 grammatici
1469 1023 1531 1071 ab
1567 1022 1870 1079 Aristarcho,

202 1109 304 1158 coci
349 1107 498 1157 etiam
544 1107 604 1155 ab
651 1105 861 1169 Apicio?
947 1105 1051 1153 Nec
1108 1109 1275 1153 tamen
1323 1121 1611 1167 quemquam
1671 1103 1874 1152 offendit
1893 1122 1940 1152 ιο

201 1190 433 1256 professio
457 1188 679 1248 nominis,
705 1205 814 1236 cum
837 1187 1151 1236 institutione
1174 1188 1456 1236 transmissa
1490 1188 1553 1235 ab
1576 1186 1872 1235 institutore.

204 1274 352 1322 Plane
387 1272 429 1321 si
452 1271 537 1335 qui
559 1271 731 1334 probet
755 1270 929 1318 malam
956 1274 1137 1318 sectam
1162 1274 1211 1318 et
1233 1270 1306 1318 ita
1340 1271 1521 1318 malum
1546 1274 1806 1327 auctorem,
1831 1268 1873 1316 is

203 1356 430 1420 probabit
443 1361 494 1404 et
517 1371 692 1403 nomen
710 1354 892 1403 malum
918 1354 1119 1416 dignum
1144 1352 1255 1401 odio
1275 1353 1335 1401 de
1353 1358 1494 1401 reatu
1518 1356 1676 1401 sectae
1695 1355 1744 1399 et
1758 1368 1874 1399 auc-

205 1440 339 1489 toris.
408 1439 622 1502 Ideoque
669 1442 783 1486 ante
831 1437 997 1485 odium
1042 1437 1253 1485 nominis
1291 1427 1594 1499 competebat
1630 1434 1766 1499 prius
1814 1435 1874 1482 de

204 1527 400 1571 auctore
425 1525 604 1569 sectam
628 1536 979 1582 recognoscere,
1006 1519 1085 1567 vel
1108 1524 1354 1567 auctorem
1374 1519 1432 1568 de
1457 1523 1600 1567 secta.
1653 1517 1724 1566 At
1746 1533 1874 1564 nunc
1893 1533 1941 1573 15

204 1603 462 1665 utriusque
490 1602 801 1666 inquisitione
825 1606 875 1650 et
897 1601 1146 1665 agnitione
1170 1601 1391 1664 neglecta
1415 1618 1587 1649 nomen
1611 1600 1874 1657 detinetur,

205 1702 382 1734 nomen
405 1688 725 1748 expugnatur,
751 1688 801 1732 et
834 1684 1051 1747 ignotam
1077 1687 1270 1742 sectam,
1297 1684 1519 1746 ignotum
1550 1686 1601 1731 et
1629 1686 1875 1731 auctorem

206 1785 302 1817 vox
326 1768 427 1816 sola
449 1767 778 1831 praedamnat,
798 1766 917 1830 quia
941 1766 1269 1825 nominantur,
1286 1783 1383 1814 non
1402 1765 1516 1830 quia
1540 1765 1871 1815 revincuntur.

865 2007 1089 2057 CAPUT
1134 2008 1225 2058 IV.

279 2135 467 2191 ATQUE
505 2134 625 2183 adeo
666 2134 806 2198 quasi
842 2135 1093 2198 praefatus
1128 2134 1246 2183 haec
1287 2134 1350 2182 ad
1387 2133 1742 2198 suggillandam
1779 2132 1875 2180 odii
1896 2145 1946 2173 20

213 2235 330 2280 erga
354 2235 442 2266 nos
465 2216 650 2281 publici
672 2216 999 2280 iniquitatem,
1020 2218 1122 2278 jam
1147 2217 1207 2264 de
1234 2234 1404 2264 caussa
1428 2215 1733 2264 innocentiae
1765 2230 1876 2263 con-

214 2300 394 2358 sistam,
412 2316 500 2347 nec
517 2302 712 2346 tantum
735 2299 954 2346 refutabo
978 2314 1105 2361 quae
1129 2298 1268 2345 nobis
1291 2297 1602 2360 objiciuntur,
1622 2296 1706 2345 sed
1730 2296 1877 2344 etiam

214 2382 267 2430 in
298 2381 429 2446 ipsos
455 2380 746 2444 retorquebo
774 2379 866 2443 qui
900 2379 1164 2446 objiciunt3
1202 2383 1260 2427 ut
1289 2397 1348 2427 ex
1380 2380 1470 2428 hoc
1497 2396 1688 2443 quoque
1721 2378 1880 2427 sciant

216 2491 383 2531 assidue
397 2489 708 2530 tumultuantes
725 2489 860 2528 Roma
873 2488 1035 2540 expulit
1047 2486 1059 2505 '
1081 2488 1205 2541 (Acts
1217 2489 1334 2528 xviii.
1360 2487 1400 2539 2)
1419 2502 1436 2536 ;·
1448 2488 1580 2528 Tacit.
1597 2487 1714 2527 Anu.
1727 2500 1795 2527 xv,
1810 2499 1877 2538 44,

216 2556 226 2575 ‘
245 2565 347 2604 quos
358 2565 432 2603 per
442 2551 603 2602 flagitia
622 2551 792 2599 invisos,
808 2550 959 2601 vulgus
971 2550 1240 2589 Chrestianos
1254 2547 1539 2601 adpellabat’3
1559 2550 1753 2589 Lactant.
1773 2549 1878 2588 Inst.

216 2614 317 2654 Div.
336 2614 392 2654 iv.
410 2621 449 2666 7,
473 2616 484 2634 ‘
497 2611 580 2651 Sed
593 2611 837 2663 exponenda
854 2611 980 2663 hujus
1001 2611 1181 2650 nominis
1198 2612 1307 2650 ratio
1327 2617 1390 2651 est
1409 2615 1578 2663 propter
1595 2611 1881 2663 ignorantium

215 2688 410 2723 errorem,
443 2675 516 2726 qui
546 2687 643 2713 eum
671 2674 922 2712 immutatur
943 2673 1088 2713 littera
1118 2673 1343 2713 Chrestum
1374 2674 1511 2713 solent
1544 2673 1681 2713 dicere
1695 2670 1733 2722 ’;
1761 2673 1791 2712 J
1795 2676 1878 2712 ust.

217 2738 352 2778 Mart.
389 2736 520 2787 Apol.
558 2735 585 2774 i.
626 2750 665 2784 4,
697 2734 831 2774 ’Όσον
867 2748 913 2772 τε
959 2735 1006 2774 ἐκ
1043 2733 1117 2773 τοῦ
1153 2733 1503 2785 κατηγορουμένου
1540 2733 1650 2784 ἡμῶν
1688 2732 1883 2783 ὀνόματος

215 2796 491 2851 χρηστότατοι
522 2795 769 2847 ὕπάρχομεν,
787 2796 872 2836 and
891 2798 1016 2848 again
1033 2795 1149 2845 ibid„
1171 2795 1402 2847 Χριστιανοὶ
1421 2795 1500 2847 γὰρ
1521 2794 1618 2835 εἶναι
1638 2793 1882 2846 κατηγορού-

215 2862 328 2910 μεθα·
357 2858 405 2898 τὸ
434 2859 476 2899 δὲ
515 2857 700 2910 χρηστὸν
729 2857 929 2907 μισεῖσθαι
963 2857 1009 2897 οὐ
1048 2856 1209 2897 δίκαιον.
1267 2859 1543 2898 Clem.-Alex.
1581 2859 1733 2898 Strom.
1764 2858 1808 2898 ii.
1840 2871 1878 2910 4,

218 2919 370 2961 Ain-ma
403 2922 441 2960 οἶ
477 2921 530 2960 εἰς
558 2920 632 2960 τὸν
662 2918 841 2971 Χριστὸν
870 2920 1180 2959 πεπιστευκότες
1208 2919 1380 2972 χρηστοι
1402 2920 1449 2960 τέ
1480 2920 1555 2959 εἶσι
1581 2918 1647 2959 καὶ
1672 2919 1879 2971 λέγονται.

218 2984 360 3036 Gomp.
385 2983 546 3024 Cohort.
567 2983 625 3022 ad
641 2985 751 3034 yent.
772 2994 824 3034 9;
852 2982 1036 3034 Theoph.
1058 2982 1114 3021 ad
1133 2982 1270 3022 Autol.
1289 2982 1316 3021 i.
1343 2993 1376 3023 1.

275 3057 338 3085 20.
368 3049 429 3085 ad
459 3048 828 3093 suggillandam.
857 3045 979 3085 ‘that
1008 3045 1032 3084 I
1056 3045 1194 3097 might
1218 3044 1319 3084 hold
1344 3058 1401 3097 up
1426 3048 1472 3085 to
1501 3042 1768 3096 contempt'3
1811 3058 1879 3084 see

220 3110 318 3147 note
338 3119 392 3147 on
409 3107 671 3159 suqyillatio,
691 3107 755 3147 ch.
781 3118 841 3148 11.

278 3181 341 3210 21.
371 3173 647 3211 consistam:
693 3183 719 3209 a
753 3170 945 3222 military
972 3169 1219 3222 metaphor3
1258 3170 1342 3210 and
1362 3183 1406 3211 so
1427 3169 1492 3211 ch.
1513 3169 1582 3223 46,
1602 3171 1878 3219 constitimus,

221 3233 232 3254 ⁴
245 3245 308 3272 we
326 3233 436 3273 have
454 3232 552 3273 held
572 3247 648 3273 our
666 3231 875 3285 position?
