2124 3554
255 246 327 301 34
717 230 1056 286 Tertulliani
1088 231 1140 282 A
1136 231 1464 300 pologetz‘cus
1723 241 1844 294 [Cn.
1863 246 1939 287 IX.

253 380 482 440 petretur
505 374 646 441 (licet
680 376 1002 441 parricidium
1037 375 1301 424 homicidio
1336 374 1560 440 intersit)
1585 382 1843 427 convertar
1877 379 1941 427 ad

253 459 507 524 populum.
580 459 717 521 Quot
740 459 897 509 vultis
921 477 982 507 ex
1005 459 1083 507 his
1109 458 1541 508 circumstantibus
1578 464 1628 508 et
1652 460 1704 508 in
1730 461 1941 510 Christi-

254 560 459 592 anorum
486 543 777 606 sanguinem
799 542 1071 602 hiantibuS,
1094 560 1156 591 ex
1178 541 1299 606 ipsis
1323 542 1471 591 6116111
1496 542 1634 592 vobis
1652 543 1939 608 justissimis

254 631 305 674 et
329 625 647 675 severissimis
682 626 737 674 in
760 643 848 675 nos
871 626 1179 691 praesidibus
1214 626 1346 690 apud
1378 626 1698 677 conscientias
1735 629 1938 692 pulsem,

214 726 238 768 5
255 709 343 772 qui
367 712 510 758 natos
533 709 625 757 sibi
657 709 839 758 liberos
862 710 1099 758 enecent?
1172 708 1425 773 Siquidem
1450 715 1498 758 et
1523 710 1582 759 de
1607 698 1782 774 genere
1807 711 1940 760 necis

254 791 422 840 differt
457 792 630 855 utique
671 792 917 841 crudelius
963 792 1016 841 in
1029 808 1156 858 equa
1203 792 1436 856 spiritum
1484 793 1803 858 extorquetis,
1853 799 1942 843 aut

252 874 431 939 frigori
455 880 505 924 et
533 874 651 923 fami
688 879 739 924 et
763 875 969 925 canibus
1005 875 1287 940 exponitis3
1323 875 1456 923 ferro
1492 876 1625 924 enim
1655 877 1781 926 mori
1808 882 1942 927 aetas

254 975 449 1022 (1110(1116
474 960 628 1021 major
651 958 912 1022 optaverit.
983 958 1141 1007 Nobis
1165 975 1295 1017 vero,
1322 946 1589 1008 homicidio
1614 961 1760 1009 semel
1784 960 1941 1010 inter-

253 1041 398 1102 dicto,
419 1042 568 1090 etiam
591 1046 878 1105 conceptum
896 1045 1050 1101 utero,
1072 1042 1191 1090 dum
1213 1041 1372 1090 adhuc
1398 1042 1598 1106 sanguis
1617 1043 1670 1090 in
1692 1044 1942 1092 hominem

186 1139 239 1167 10
254 1124 516 1185 delibatur,
536 1124 804 1189 dissolvere
827 1142 926 1173 non
949 1124 1080 1174 licet.
1152 1124 1430 1173 Homicidii
1454 1124 1704 1174 festinatio
1729 1131 1804 1175 est
1827 1144 1941 1191 pro-

252 1206 420 1256 hibere
463 1207 599 1256 nasci
623 1224 637 1268 ;
688 1225 776 1256 nec
818 1208 970 1257 refert
1010 1211 1178 1257 natam
1218 1207 1329 1272 quis
1371 1206 1551 1271 eripiat
1598 1207 1829 1270 animam,
1877 1227 1942 1260 an

254 1293 539 1339 nascentem
575 1290 853 1340 disturbet·
890 1290 1034 1340 homo
1070 1295 1160 1350 est,
1200 1296 1249 1339 et
1285 1290 1370 1354 qui
1406 1295 1483 1339 est
1518 1291 1747 1353 futurus,
1736 1308 1747 1320 ·
1790 1292 1941 1341 etiam

257 1374 450 1422 fructus
473 1372 632 1422 omnis
652 1375 754 1436 jam
778 1373 830 1421 in
854 1373 1038 1422 semine
1058 1379 1145 1422 est.

326 1457 402 1505 De
435 1450 691 1521 sanguinis
726 1457 907 1522 pabulo
944 1461 995 1506 et
1031 1456 1267 1521 ejusmodi
1302 1456 1505 1520 tragicis
1540 1457 1741 1506 ferculis
1776 1432 1940 1522 legite,

187 1553 237 1595 15
255 1539 476 1588 nuncubi
500 1536 713 1588 relatum
738 1539 818 1600 sit,
847 1537 946 1607 [est
969 1540 1100 1604 apud
1125 1538 1450 1601 Herodotum,
1480 1537 1678 1608 opinor]
1714 1541 1941 1597 defusum

254 1622 468 1671 brachiis
493 1622 782 1686 sanguinem
801 1640 862 1671 ex
878 1623 1119 1671 alterutro
1137 1621 1452 1686 degustatum
1466 1623 1690 1672 nationes
1707 1624 1942 1687 quasdam

256 1706 443 1755 foederi
467 1722 784 1770 comparasse.
854 1706 1033 1755 Nescio
1058 1706 1178 1769 quid
1201 1709 1253 1755 et
1281 1706 1373 1754 sub
1398 1706 1618 1755 Catilina
1642 1707 1740 1756 tale
1765 1708 1941 1773 degus-

313 1844 354 1884 4.
383 1833 511 1878 apud
539 1829 860 1871 conscientias
890 1831 1093 1880 pulsem,
1123 1829 1291 1870 ‘whose
1319 1830 1582 1871 consciences
1611 1831 1636 1871 Ι
1664 1830 1809 1885 prick'
1824 1845 1835 1880 ;
1865 1832 1940 1873 the

255 1894 478 1946 metaphor
510 1893 546 1932 is
577 1891 676 1932 that
704 1891 751 1931 of
774 1891 989 1945 knocking
1019 1896 1066 1932 at
1100 1906 1126 1932 a
1160 1892 1264 1932 door
1295 1895 1341 1932 to
1371 1893 1498 1933 make
1529 1894 1711 1947 enquiry
1739 1894 1940 1946 (pulsare

245 1957 406 2009 fores).
466 1955 668 1994 Contrast
686 1953 762 1994 the
780 1955 980 2006 meaning
999 1954 1046 1995 of
1062 1956 1073 1975 ‘
1090 1955 1281 1994 veritatis
1300 1954 1410 1995 fores
1425 1953 1625 2007 pulsant,'
1642 1956 1694 1995 de
1709 1959 1800 1996 test.
1815 1970 1886 1996 an.
1902 1968 1939 1997 1.

313 2029 351 2070 5.
381 2019 466 2065 qui
484 2022 624 2057 natos
663 2018 757 2056 sibi
787 2019 968 2057 liberos
999 2021 1212 2057 enecent.
1271 2017 1415 2069 Comp.
1454 2017 1651 2057 Lactant.
1689 2018 1802 2058 Inst.
1837 2018 1938 2059 Div.

255 2082 311 2121 vi.
338 2092 388 2120 20
406 2095 416 2130 ;
445 2080 531 2120 and
550 2080 615 2119 for
633 2079 708 2119 the
728 2073 913 2119 horrible
932 2080 1136 2132 practices
1158 2078 1204 2120 of
1218 2079 1407 2120 heathen
1425 2079 1615 2120 diviners
1628 2081 1782 2122 Euseb.
1802 2080 1863 2123 H.
1880 2082 1938 2122 E.

254 2144 330 2184 vii.
356 2155 434 2193 10;
463 2143 552 2183 viii.
581 2155 661 2196 143
700 2143 787 2183 Vit.
817 2143 958 2183 Conse.
979 2142 1007 2182 i.
1031 2140 1098 2192 36.

314 2214 351 2259 7.
380 2209 507 2247 ferro
527 2208 657 2246 enim
677 2207 829 2246 mori:
862 2204 991 2245 death
1021 2205 1079 2258 by
1097 2203 1172 2244 the
1191 2203 1324 2254 knife,
1345 2204 1420 2245 the
1447 2205 1624 2246 method
1652 2206 1699 2246 of
1723 2205 1942 2259 slaughter

254 2282 340 2322 you
359 2269 567 2310 attribute
587 2271 632 2308 to
651 2268 726 2308 the
747 2267 1004 2307 Christiane.

311 2345 350 2385 9.
380 2335 663 2378 conceptum
700 2335 853 2372 utero.
912 2329 1128 2370 Abortion
1156 2328 1243 2368 and
1271 2329 1522 2370 infanticide
1551 2343 1663 2371 were
1701 2332 1942 2386 commonly

255 2395 445 2435 resorted
471 2398 518 2434 to
546 2394 604 2446 by
623 2394 790 2433 Roman
818 2393 975 2442 wives;
1003 2391 1117 2431 their
1144 2390 1358 2444 degraded
1386 2392 1516 2432 views
1547 2392 1593 2432 of
1617 2393 1827 2446 marriage
1856 2394 1942 2434 and

256 2458 334 2498 the
355 2457 534 2497 absence
554 2456 600 2496 of
615 2456 812 2509 conjugal
831 2456 928 2496 love
949 2454 1160 2506 entailing
1180 2467 1206 2493 a
1224 2454 1389 2494 morbid
1416 2455 1593 2494 distaste
1612 2454 1678 2495 for
1695 2455 1770 2495 the
1787 2456 1880 2509 joys
1900 2456 1948 2496 of

254 2519 502 2572 maternity.
560 2517 868 2567 Wordsworth,
903 2516 1070 2559 Charch
1098 2515 1220 2556 Hist.
1250 2517 1277 2556 i.
1311 2517 1389 2567 328
1420 2516 1463 2556 ff.
1534 2517 1707 2557 Tacitus
1735 2513 1941 2570 applauds

254 2584 330 2624 the
349 2597 476 2636 purer
494 2582 630 2622 moral
650 2580 915 2633 atmosphere
936 2580 982 2620 of
997 2580 1071 2620 the
1089 2581 1278 2620 German
1297 2580 1442 2620 homes
1464 2578 1635 2633 (Germ.
1662 2581 1745 2633 19).

315 2658 376 2685 10.
407 2647 662 2685 delibatur.
703 2644 748 2684 It
768 2643 804 2683 is
825 2643 1005 2684 difficult
1025 2645 1071 2682 to
1091 2642 1302 2682 translate
1321 2641 1408 2682 this
1423 2642 1541 2682 word
1554 2643 1759 2694 literally,
1776 2641 1939 2695 though

255 2707 331 2748 the
351 2720 470 2747 sense
489 2707 536 2746 in
554 2706 694 2747 which
712 2706 749 2746 it
777 2709 894 2756 must
921 2706 974 2745 be
1001 2705 1132 2744 taken
1161 2703 1198 2743 is
1226 2704 1339 2744 clear
1368 2703 1546 2757 enough.
1603 2704 1884 2744 Deliberatwr
1904 2704 1940 2744 is

258 2783 314 2809 an
327 2769 567 2810 accredited
582 2769 773 2821 reading,
790 2768 875 2808 and
893 2768 930 2807 is
946 2765 1175 2820 supported
1185 2765 1243 2819 by
1255 2766 1350 2806 adv.
1361 2766 1505 2806 Marc.
1517 2766 1572 2806 iv.
1591 2777 1655 2813 21,
1670 2770 1681 2788 ‘
1695 2779 1784 2806 non
1795 2765 1941 2806 decem

262 2833 472 2873 mensium
492 2830 685 2871 cruciatu
705 2827 990 2871 deliberatus!

390 2896 657 2934 Homicidii
677 2894 937 2942 festinatio,
957 2894 968 2913 ‘
983 2893 1227 2943 premature
1246 2887 1445 2929 murder!

320 2966 336 2994 1
349 2966 383 2995 1.
416 2968 478 2995 an
497 2960 773 2996 nascentem
793 2956 1047 3002 disturbet,
1070 2955 1081 2974 ‘
1094 2966 1140 2991 or
1160 2952 1332 3005 destroy
1350 2952 1387 2991 it
1406 2951 1535 2991 while
1554 2951 1680 3004 being
1699 2950 1939 3002 produced?

319 3028 383 3069 15.
414 3022 487 3057 est
508 3020 635 3064 apud
655 3020 969 3057 Herodotum.
1028 3014 1188 3055 Herod.
1210 3014 1237 3053 i.
1255 3021 1322 3066 74,
1343 3014 1399 3054 ix,
1418 3021 1494 3065 70:
1525 3026 1658 3065 comp.
1673 3013 1808 3053 Tacit.
1824 3016 1940 3054 Δηη.

258 3078 333 3118 xii.
355 3087 408 3131 47
429 3092 439 3127 ;
469 3079 568 3118 Val.
591 3079 711 3119 Max.
730 3079 788 3120 ix.
813 3085 876 3119 1‘1.

320 3148 382 3191 17.
413 3144 502 3181 sub
534 3143 754 3182 Catilina.
814 3141 987 3181 Sallust.
1018 3137 1148 3180 Catil.
1183 3149 1258 3187 22;
1288 3137 1440 3177 Florus
1468 3136 1525 3177 iv.
1552 3148 1585 3185 1,
1609 3133 1847 3177 ‘'Additum
1877 3142 1942 3178 est

257 3202 410 3255 pignus
450 3203 753 3256 conjurationis
791 3202 962 3256 sanguis
1009 3201 1230 3250 humanus,
1273 3213 1400 3253 quem
1439 3197 1734 3239 circumlatum
1781 3200 1940 3252 pateris

256 3262 428 3306 bibere.'
