2124 3554
209 250 476 305 CAP.XV11.]
526 244 788 296 adversus
830 243 1024 296 Gentes
1049 252 1156 311 pro
1198 242 1544 302 Christianis.
1801 252 1870 311 59

273 391 326 439 Is
375 393 484 438 erat
521 388 725 436 auribus
763 386 980 446 asininis,
1019 387 1173 435 altero
1206 386 1329 450 pede
1363 385 1649 449 ungulatus,
1689 386 1874 435 librum

205 476 416 537 gestans,
436 477 487 520 et
510 475 724 534 togatus.
794 469 1011 517 Risimus
1035 473 1085 517 et
1108 486 1280 517 nomen
1306 473 1357 517 et
1381 470 1606 517 formam.
1679 468 1775 518 Sed
1798 469 1874 516 illi

206 555 450 603 debebant
482 555 689 620 adorare
723 553 889 603 statim
923 552 1130 601 biforme
1157 569 1350 610 numen,
1378 551 1496 615 quia
1530 555 1581 599 et
1617 551 1789 599 canino
1825 556 1875 599 et

203 637 396 686 leonino
431 637 593 700 capite
625 625 916 695 commistos,
941 640 992 683 et
1015 635 1075 682 de
1104 650 1249 698 capro
1283 639 1334 681 et
1359 634 1419 682 de
1454 625 1605 682 ariete
1631 639 1874 693 cornutos,

205 725 256 767 et
289 737 319 767 a
352 719 534 767 lumbis
570 719 745 778 hircos,
783 722 833 766 et
867 735 896 766 a
931 716 1158 765 cruribus
1200 721 1463 780 serpentes,
1498 721 1554 780 et
1594 717 1762 780 planta
1797 717 1874 764 vel
1891 735 1913 776 5

203 805 344 863 tergo
378 801 518 850 alites
553 802 667 850 deos
703 804 1003 865 receperunt.
1076 800 1210 847 Haec
1246 816 1307 848 ex
1342 799 1627 859 abundanti,
1658 816 1719 847 ne
1754 799 1876 862 quid

205 885 414 932 rumoris
450 884 834 948 irrepercussum
869 882 1008 946 quasi
1036 882 1095 929 de
1130 881 1425 930 conscientia
1459 881 1872 944 praeterissemus.

206 964 344 1025 Quae
386 966 562 1025 omnia,
601 965 820 1014 conversi
851 966 954 1027 jam
1005 964 1068 1011 ad
1115 962 1579 1012 demonstrationem
1624 964 1876 1028 religionis

205 1051 415 1109 nostrae,
442 1048 827 1112 repurgavimus.

823 1250 1048 1301 CAPUT
1097 1250 1259 1298 XVII.
1896 1281 1946 1307 10

276 1376 428 1437 QUOD
462 1376 662 1424 colimus
705 1372 852 1443 [nos],
888 1376 1022 1423 Deus
1055 1392 1183 1423 unus
1219 1379 1323 1433 est3
1379 1375 1465 1437 qui
1506 1379 1662 1423 totam
1703 1376 1878 1424 molem

205 1460 353 1507 istam
422 1475 531 1506 cum
599 1458 730 1506 omni
798 1458 1125 1506 instrumento
1184 1458 1548 1517 elementorum,
1606 1474 1877 1521 corporum,

205 1541 484 1605 spirituum,
509 1541 672 1598 verbo,
699 1557 796 1603 quo
825 1539 984 1603 jussit,
1023 1539 1228 1599 ratione,
1255 1556 1353 1602 qua
1389 1539 1648 1602 disposuit,
1677 1541 1877 1597 virtute,

205 1640 304 1686 qua
341 1623 521 1688 potuit,
561 1623 620 1670 de
660 1622 818 1670 nihilo
853 1621 1106 1685 expressit,
1141 1622 1195 1669 in
1231 1626 1572 1670 ornamentum
1607 1623 1877 1685 majestatis

205 1721 348 1754 suae:
387 1705 514 1753 unde
545 1710 595 1754 et
620 1704 795 1752 Graeci
830 1721 1003 1752 nomen
1035 1704 1217 1752 mundo
1240 1707 1403 1762 κόσμον
1430 1705 1878 1753 accomodaverunt.
1897 1729 1943 1769 15

205 1786 478 1836 Invisibilis
521 1791 607 1847 est,
645 1787 739 1836 etsi
778 1787 1036 1847 videatur3
1085 1786 1602 1850 incomprehensibilis,
1649 1787 1744 1836 etsi
1789 1804 1879 1852 per

205 1869 415 1933 gratiam
434 1874 853 1934 repraesentetur3
888 1868 1278 1928 inaestimabilis,
1294 1869 1383 1917 etsi
1406 1868 1632 1918 humanis
1656 1870 1878 1918 sensibus

205 2007 290 2048 and
315 2008 391 2048 the
418 2008 566 2048 article
594 2005 836 2049 calomnia·
862 2011 1003 2047 contre
1028 2007 1088 2046 les
1099 2020 1234 2059 prem.
1256 2006 1393 2048 Chret.
1414 2007 1460 2046 in
1480 2006 1738 2060 Martigny’s
1758 2007 1879 2048 Diet.

204 2072 279 2110 des
304 2071 404 2111 Ant.
433 2071 585 2120 Chret„
612 2070 752 2110 where
781 2084 807 2109 a
834 2071 1026 2110 woodcut
1053 2070 1098 2109 of
1122 2069 1197 2109 the
1225 2070 1393 2122 graffito
1421 2070 1457 2108 is
1485 2070 1624 2121 given.
1682 2070 1879 2110 Another

205 2131 368 2184 theory,
386 2133 593 2181 however,
609 2132 750 2172 would
768 2133 938 2184 explain
951 2133 1039 2172 this
1053 2131 1393 2183 representation
1413 2144 1459 2170 as
1473 2146 1499 2171 a
1513 2131 1688 2171 Gnostic
1700 2132 1876 2184 symbol.

206 2193 327 2246 King
348 2193 542 2234 Gnostics
561 2194 649 2234 and
669 2192 781 2232 their
801 2193 1004 2242 Remains
1022 2207 1065 2244 p.
1087 2204 1179 2243 230.

262 2254 304 2296 6.
333 2258 465 2295 Haec
483 2267 543 2294 ex
560 2257 838 2295 abundanti.
899 2255 1004 2294 ‘We
1032 2255 1141 2294 have
1169 2253 1336 2294 treated
1363 2253 1439 2293 the
1467 2258 1626 2294 matter
1644 2260 1691 2294 at
1709 2255 1878 2306 length,

205 2317 287 2357 lest
307 2347 317 2356 .
337 2346 347 2356 .
369 2347 379 2356 .
393 2315 404 2334 ’
614 2338 618 2341 -

265 2391 328 2421 11.
360 2381 500 2425 Quod
530 2380 729 2418 colimus
761 2376 905 2429 [nos],
925 2381 1054 2418 Deus
1085 2390 1208 2416 unus
1237 2382 1322 2418 est.
1378 2378 1470 2417 The
1496 2377 1631 2417 Creed
1649 2379 1878 2432 implicitly

206 2441 461 2493 underlying
478 2440 566 2479 this
592 2439 678 2479 and
704 2438 780 2478 the
807 2439 1022 2491 following
1050 2440 1244 2491 chapters
1273 2439 1424 2478 should
1451 2440 1504 2479 be
1532 2440 1753 2492 compared
1771 2441 1877 2480 with

205 2503 279 2544 the
298 2503 409 2542 Rule
431 2502 477 2540 of
491 2501 620 2541 Faith
646 2500 774 2553 given
801 2501 852 2540 de
873 2515 1067 2553 praescr.
1089 2501 1204 2541 haer.
1229 2512 1277 2551 13
1294 2514 1306 2550 3
1335 2501 1432 2541 adv.
1454 2502 1591 2541 Praoe.
1615 2513 1634 2540 2
1654 2515 1666 2551 ς
1696 2502 1747 2541 de
1765 2504 1875 2555 viry,

204 2566 284 2606 vel.
307 2577 343 2607 1.
399 2566 544 2616 Oomp.
565 2564 679 2603 Iren.
699 2565 828 2602 contr.
849 2563 962 2602 haer.
983 2564 1011 2604 i.
1037 2575 1110 2612 ¹03
1143 2563 1228 2602 and
1247 2577 1315 2602 see
1333 2567 1446 2613 note,
1467 2564 1532 2603 ch.
1551 2571 1619 2616 47.

263 2637 326 2679 15.
346 2630 473 2666 unde
489 2630 537 2666 et
554 2628 724 2666 Graeci
739 2636 914 2665 nomen
927 2628 1104 2664 mundo
1124 2624 1280 2674 κόσμον
1295 2638 1305 2665 :
1334 2623 1485 2674 κόσμος
1498 2639 1584 2666 was
1599 2625 1692 2666 first
1706 2626 1876 2678 applied

204 2694 250 2729 to
268 2689 341 2729 the
360 2689 573 2729 Universe
585 2689 642 2739 by
657 2688 931 2742 Pythagorae,
951 2688 1128 2727 because
1147 2686 1193 2726 of
1207 2687 1263 2726 its
1276 2687 1435 2738 perfect
1449 2687 1571 2727 order
1582 2688 1668 2727 and
1680 2701 1875 2741 arrange-

205 2755 336 2800 ment,
356 2752 403 2790 in
421 2751 656 2802 opposition
674 2754 720 2790 to
738 2751 813 2791 the
830 2750 1043 2802 indiyesta
1061 2748 1190 2788 moles
1209 2748 1255 2788 of
1269 2749 1417 2788 Chaos.

263 2813 326 2855 16.
355 2815 872 2860 incomprehensibilis:
902 2813 1003 2852 here
1032 2812 1116 2851 and
1147 2812 1194 2851 in
1226 2812 1290 2852 ch.
1311 2805 1381 2863 48,
1411 2813 1457 2851 in
1484 2812 1540 2852 its
1567 2813 1712 2852 literal
1742 2826 1875 2863 sense,

203 2877 216 2897 ‘
230 2876 328 2916 that
358 2879 511 2915 cannot
544 2875 596 2914 be
625 2874 807 2915 touched
822 2874 858 2924 ’3
898 2887 942 2914 so
973 2873 1270 2926 comprehendi
1302 2874 1453 2922 below,
1487 2887 1534 2914 as
1563 2875 1786 2926 explained
1818 2876 1876 2927 by

203 2937 399 2977 manibus
418 2936 568 2988 quibus
588 2937 919 2976 contaminatur.

324 3010 410 3045 per
436 2999 638 3045 gratiam
661 3001 1057 3046 repraesentetur,
1080 2999 1092 3017 ‘
1105 2995 1359 3036 manifested
1377 2996 1563 3048 through
1581 3010 1705 3049 grace
1719 2995 1730 3014 '
1746 3011 1757 3046 3
1787 3000 1818 3037 i.
1841 3011 1874 3038 e.

204 3059 389 3112 through
416 3059 498 3099 His
526 3061 715 3112 gracious
733 3059 970 3099 revelation
995 3058 1041 3097 of
1056 3058 1254 3097 Himself.
1311 3058 1637 3110 Repraesentari
1656 3060 1874 3099 here=re=

205 3121 359 3170 velari,
386 3121 689 3173 mamfestari5
717 3121 765 3160 in
789 3121 865 3161 the
882 3120 1105 3172 preceding
1127 3119 1300 3171 chapter
1325 3120 1363 3159 it
1394 3120 1430 3159 is
1461 3121 1563 3159 used
1586 3120 1631 3159 in
1657 3121 1732 3160 the
1760 3134 1875 3160 more

204 3181 374 3233 general
394 3195 513 3221 sense
532 3182 578 3221 of
592 3195 618 3221 a
636 3182 833 3222 material
858 3181 1193 3234 representation
1220 3194 1266 3220 or
1289 3180 1438 3233 image.
1499 3181 1553 3220 In
1578 3181 1664 3221 late
1689 3181 1819 3221 Latin
1838 3182 1875 3221 it

205 3243 326 3283 bears
344 3243 419 3283 the
437 3244 634 3297 meaning
661 3244 860 3286 attached
886 3248 933 3285 to
961 3257 1037 3284 our
1065 3255 1139 3282 use
1167 3242 1213 3282 of
1240 3241 1554 3295 ‘represent,'=
1568 3244 1716 3297 ‘stand
1734 3244 1780 3283 in
1798 3243 1873 3282 the
