2124 3554
226 231 324 271 CAP.
344 226 439 280 XL]
542 219 804 274 adversus
847 217 1040 271 Gentes
1058 217 1169 285 pro
1213 212 1559 270 Christianis.
1818 230 1887 284 43

224 378 341 422 esse,
376 363 507 426 quod
547 361 750 426 perfecit
784 360 956 410 omnia.
1028 359 1171 407 Nihil
1207 358 1477 409 Saturnum
1517 362 1568 407 et
1605 356 1890 407 Saturniam

223 450 419 508 gentem
453 446 776 509 exspectabat.
844 442 974 493 Vani
1005 447 1151 491 erunt
1179 441 1414 502 homines,
1441 441 1538 489 nisi
1570 440 1690 489 certi
1723 440 1836 499 sint,
1861 457 1891 489 a

223 527 491 591 primordio
531 532 580 575 et
608 527 798 591 pluvias
827 526 892 575 de
928 526 1059 574 caelo
1093 525 1260 586 ruisse,
1298 529 1349 573 et
1384 524 1543 574 sidera
1577 524 1807 582 radiasse,
1840 528 1890 571 et

223 609 409 657 lumina
443 609 685 669 floruisse,
701 613 751 658 et
785 608 1008 657 tonitrua
1034 608 1245 672 mugisse
1281 611 1332 656 et
1365 607 1528 670 ipsum
1551 606 1583 654 J
1587 623 1738 664 ovem,
1766 621 1890 668 quae

224 691 277 739 in
300 708 447 739 manu
469 694 573 754 ejus
603 691 795 755 ponitis,
821 691 1026 739 fulmina
1049 690 1294 751 timuisse;
1331 689 1452 738 item
1487 705 1679 737 omnem
1700 688 1890 751 frugem
1906 704 1930 746 5

223 778 337 822 ante
368 773 602 822 Liberum
636 779 686 823 et
719 773 942 823 Cererem
966 777 1016 822 et
1050 773 1334 831 Minervam,
1361 772 1458 819 imo
1482 776 1594 819 ante
1629 771 1769 818 illum
1803 768 1889 818 ali-

224 872 370 918 quem
387 856 658 920 principem
679 855 924 904 hominem
947 856 1006 904 de
1029 860 1165 904 terra
1179 855 1483 911 exuberasse,
1500 853 1617 917 quia
1635 852 1758 900 nihil
1778 868 1888 900 con-

223 939 427 987 tinendo
443 943 492 987 et
512 939 795 988 sustinendo
809 938 993 986 homini
1007 942 1318 1001 prospectum
1336 943 1448 1000 post
1466 936 1710 984 hominem
1726 937 1889 999 potuit

223 1021 414 1071 inferri.
464 1021 687 1085 Denique
708 1021 951 1070 invenisse
975 1021 1207 1069 dicuntur
1229 1018 1496 1067 necessaria
1519 1019 1616 1066 ista
1633 1017 1776 1077 vitae,
1792 1034 1889 1065 non

225 1103 509 1152 instituisse.
580 1104 722 1164 Quod
757 1107 922 1152 autem
956 1102 1219 1161 invenitur,
1258 1102 1355 1149 fuit
1370 1118 1382 1161 3
1420 1107 1468 1149 et
1504 1101 1634 1164 quod
1656 1100 1764 1161 fuit,
1791 1117 1888 1148 non
1907 1122 1959 1152 10

225 1187 329 1248 ejus
353 1185 684 1249 deputabitur,
701 1185 785 1248 qui
803 1184 1002 1244 invenit,
1021 1184 1105 1233 sed
1123 1186 1226 1247 ejus
1242 1183 1326 1248 qui
1340 1183 1561 1231 instituit
1581 1201 1592 1230 ε
1619 1188 1725 1232 erat
1742 1182 1887 1241 enim,

224 1272 487 1330 antequam
532 1269 848 1317 inveniretur.
920 1268 1150 1316 Ceterum
1191 1267 1232 1316 si
1274 1271 1530 1331 propterea
1568 1266 1718 1314 Liber
1755 1266 1889 1322 deus,

225 1350 357 1412 quod
379 1350 529 1399 vitem
563 1350 930 1410 demonstravit,
956 1349 1080 1398 male
1116 1367 1225 1398 cum
1259 1349 1463 1397 Lucullo
1495 1354 1658 1397 actum
1690 1351 1777 1408 est,
1803 1348 1891 1410 qui

225 1432 413 1495 primus
449 1449 610 1481 cerasa
644 1450 706 1481 ex
728 1433 887 1482 Ponto
923 1433 1099 1481 Italiae
1133 1431 1475 1496 promulgavit,
1513 1431 1642 1495 quod
1676 1448 1774 1479 non
1816 1436 1891 1480 est

223 1519 482 1578 propterea
506 1520 821 1574 consecratus,
848 1522 904 1564 ut
928 1532 1081 1564 novae
1115 1515 1269 1577 frugis
1305 1518 1487 1572 auctor,
1514 1513 1630 1577 quia
1663 1512 1890 1563 inventor
1909 1541 1957 1581 15

223 1599 273 1644 et
296 1602 526 1645 ostensor.
597 1597 921 1658 Quamobrem
956 1597 998 1646 si
1021 1598 1083 1646 ab
1117 1597 1264 1645 initio
1298 1601 1348 1644 et
1380 1596 1626 1644 instructa
1660 1601 1711 1644 et
1745 1596 1892 1645 certis

223 1679 597 1727 exercendorum
631 1680 896 1729 officiorum
931 1697 1130 1728 suorum
1164 1679 1436 1727 rationibus
1472 1679 1749 1741 dispensata
1785 1678 1894 1726 uni-

221 1761 428 1810 versitas
474 1761 713 1822 constitit,
758 1767 902 1811 vacat
947 1780 1009 1811 ex
1054 1763 1144 1811 hac
1202 1767 1344 1826 parte
1403 1778 1572 1810 caussa
1615 1761 1894 1825 allegendae

222 1927 315 1967 first
343 1927 624 1967 constitution
635 1927 842 1980 perfectly
854 1927 1101 1980 discharged
1111 1928 1170 1967 all
1182 1928 1238 1967 its
1252 1927 1463 1967 functions
1479 1925 1684 1980 (perfecit
1703 1926 1864 1980 omnia)
1883 1940 1893 1972 ς

223 1989 309 2029 and
327 1989 535 2029 therefore
553 1989 713 2028 needed
731 1993 806 2028 not
824 1990 899 2030 the
926 1990 1212 2029 intervention
1239 1989 1286 2029 of
1308 1989 1382 2029 the
1410 1988 1594 2028 heathen
1620 1989 1722 2040 gods
1751 1993 1797 2029 to
1824 2002 1895 2029 en-

223 2064 320 2090 sure
338 2051 395 2091 its
412 2051 657 2103 perfection.
715 2051 860 2104 Comp.
881 2052 1043 2091 Arnob.
1064 2051 1093 2091 i.
1119 2062 1182 2102 15.

278 2124 320 2163 4.
348 2115 532 2151 lumina
568 2114 786 2152 floruisse
806 2125 815 2152 :
865 2117 878 2135 ‘
891 2113 965 2152 the
1003 2126 1083 2152 sun
1129 2112 1214 2151 and
1250 2125 1374 2151 moon
1410 2111 1520 2151 have
1557 2113 1664 2152 been
1696 2111 1841 2163 bright
1857 2109 1868 2128 ²
1882 2126 1892 2160 ;

223 2173 376 2225 chiefly
394 2187 420 2213 a
437 2175 617 2225 poetical
643 2187 719 2213 use
739 2174 785 2213 of
787 2174 946 2225 floreo,
965 2174 1098 2213 found
1127 2174 1174 2213 in
1202 2174 1367 2213 Ennius
1397 2174 1482 2213 and
1509 2174 1747 2213 Lucretius.
1805 2173 1894 2212 But

224 2235 462 2274 Tertullian
481 2235 607 2286 again
621 2235 717 2275 adv.
730 2235 869 2274 Mare.
887 2236 943 2274 iv.
957 2246 1025 2287 42,
1046 2236 1058 2256 ‘
1074 2235 1237 2275 caelum
1256 2235 1486 2274 luminibus
1505 2234 1722 2274 floruisse!
1750 2235 1893 2287 Comp.

223 2296 348 2337 Lucr.
370 2297 426 2337 iv.
447 2307 498 2348 45
506 2308 540 2345 2,
563 2299 575 2318 ‘
589 2297 700 2336 Bina
718 2298 986 2336 lucernarum
1009 2296 1201 2336 florentia
1219 2296 1382 2335 lumina
1395 2294 1602 2336 flammis.'

282 2365 319 2410 7.
350 2360 664 2398 continendo:
697 2359 708 2378 ‘
725 2358 789 2397 for
806 2358 881 2397 the
909 2354 1223 2409 preservation,'
1243 2363 1315 2397 ete.
1334 2371 1345 2406 3
1375 2371 1507 2410 comp.
1540 2358 1605 2398 ch.
1630 2366 1693 2410 17,
1714 2359 1726 2378 ‘
1742 2358 1895 2410 quibus

223 2419 488 2458 continemur
504 2417 543 2467 ’ς
572 2419 733 2459 Arnob.
763 2419 808 2459 ii.
842 2430 905 2464 21,
935 2419 1115 2470 ‘quibus
1144 2419 1236 2458 vita
1266 2419 1525 2470 succingitur
1553 2424 1596 2459 et
1623 2420 1896 2459 continentur

225 2480 412 2520 humana
427 2477 439 2496 '
457 2493 468 2528 ;
497 2479 615 2520 Lact.
637 2481 686 2519 de
700 2483 822 2519 mort.
832 2493 950 2533 pers.
966 2491 1005 2530 5,
1026 2482 1038 2501 ‘
1053 2480 1135 2519 Dei
1147 2480 1330 2532 regentis
1344 2484 1388 2520 et
1407 2481 1660 2520 continentis
1672 2480 1896 2521 universa?

281 2553 320 2593 9.
367 2543 581 2588 Denique
625 2543 866 2581 invenisse
915 2543 1162 2581 dicuntur:
1211 2554 1267 2580 se.
1307 2542 1378 2581 dii.
1438 2542 1527 2582 The
1564 2542 1651 2581 fact
1690 2543 1785 2581 that
1821 2542 1895 2582 the

225 2603 327 2654 gods
345 2615 417 2642 are
435 2603 658 2655 popularly
673 2603 765 2643 said
783 2606 829 2643 to
848 2603 955 2642 have
976 2603 1217 2642 discovered
1235 2603 1355 2643 those
1375 2602 1546 2643 natural
1573 2603 1769 2655 products
1788 2604 1895 2643 with

224 2668 390 2716 respect
427 2668 473 2704 to
512 2664 648 2704 which
685 2665 789 2718 they
826 2665 1009 2721 exercise
1055 2665 1234 2717 bounty‚
1272 2679 1318 2704 or
1356 2665 1460 2705 with
1498 2665 1637 2705 which
1682 2665 1786 2718 they
1822 2679 1894 2705 are

224 2725 470 2775 associated,
491 2726 659 2778 implies
679 2727 754 2767 the
775 2728 1059 2779 preexistence
1078 2726 1123 2766 of
1140 2726 1214 2766 the
1234 2727 1391 2779 objects
1412 2727 1666 2767 discovered.

284 2798 350 2828 10.
383 2790 525 2833 Quod
555 2793 713 2828 autem
740 2791 1000 2839 invenitur,
1025 2790 1130 2829 fuit.
1189 2790 1201 2810 ‘
1218 2789 1306 2829 But
1329 2789 1445 2829 what
1463 2790 1500 2829 is
1520 2788 1761 2829 discovered
1779 2794 1894 2829 must

225 2848 400 2902 already
418 2849 528 2889 have
548 2847 786 2890 existence!

285 2909 347 2949 16.
377 2914 617 2952 ostensor:
661 2924 687 2951 a
716 2910 834 2951 word
864 2910 911 2951 of
943 2911 1138 2963 patristic
1167 2911 1355 2966 latinity,
1393 2925 1419 2951 a
1451 2913 1461 2933 ‘
1478 2909 1675 2961 notifier‚’
1712 2926 1759 2952 or
1797 2915 1809 2933 ‘
1822 2926 1893 2952 ex-

224 2969 412 3011 bibitor?
1510 2967 1512 2969 ¹

284 3034 347 3073 18.
376 3037 514 3074 vacat
533 3046 592 3073 ex
611 3037 699 3075 hac
719 3038 853 3082 parte
871 3048 879 3074 :
904 3036 915 3055 ‘
930 3033 1037 3074 from
1056 3033 1143 3074 this
1162 3035 1283 3086 point
1302 3034 1348 3075 of
1362 3035 1471 3075 view
1490 3035 1611 3075 there
1629 3036 1664 3075 is
1679 3048 1733 3074 no
1744 3048 1892 3075 reason

225 3092 290 3133 for
309 3094 490 3146 electing
508 3109 606 3134 men
625 3096 717 3135 into
745 3096 819 3136 the
847 3096 956 3135 rank
974 3095 1020 3135 of
1042 3096 1146 3148 gods
1162 3094 1197 3146 '3
1227 3110 1295 3137 see
1314 3101 1428 3148 note,
1449 3097 1512 3137 ch.
1537 3109 1572 3137 1.
1629 3098 1823 3149 Alleqere
1841 3099 1889 3137 in

225 3154 262 3194 is
290 3157 534 3209 constantly
561 3157 663 3198 used
690 3157 747 3212 by
766 3157 992 3198 Suetonius
1020 3159 1084 3199 for
1111 3158 1290 3199 election
1316 3160 1409 3200 into
1438 3173 1549 3200 some
1578 3159 1695 3199 office
1724 3173 1770 3198 or
1798 3173 1884 3199 cor-

222 3217 424 3268 poration.
