2124 3554
284 187 385 239 108
750 192 1086 247 Tertulliani
1118 195 1170 246 A
1165 196 1495 265 polegetz’cus
1619 206 1738 259 [Car.
1761 210 1960 254 XXXIV.

277 336 446 396 tergo:
482 334 688 399 Respice
724 343 837 400 post
870 342 935 398 te,
981 338 1226 388 hominem
1267 346 1512 390 memento
1549 347 1614 391 te.
1684 344 1751 393 Et
1789 345 1961 410 utique

278 415 370 464 hoc
393 417 548 480 magis
571 419 756 482 gaudet
779 424 920 469 tanta
944 438 994 469 se
1018 421 1178 485 gloria
1205 439 1475 485 coruscare,
1501 429 1558 473 ut
1586 425 1660 474 illi
1690 427 1961 477 admonitio

279 498 577 549 condicionis
614 520 731 551 suae
770 502 837 551 sit
874 505 1159 554 necessaria.
1233 503 1422 575 [Minor
1454 513 1574 568 erat,
1601 509 1642 557 si
1670 515 1789 558 tuuc
1825 511 1962 559 Deus

277 581 536 643 diceretur,
555 584 672 647 quia
695 602 792 633 non
814 603 927 635 vere
952 585 1235 655 diceretur]
1296 589 1456 653 Major
1480 597 1553 640 est
1574 592 1662 656 qui
1687 597 1960 652 revocatur,

237 675 259 716 5
277 682 339 713 116
363 682 412 714 se
438 666 599 715 Deum
622 667 882 719 existimet.

875 810 1098 862 CAPUT
1134 813 1363 863 XXXIV.

345 912 632 962 AUGUSTUS
665 913 860 978 imperii
893 918 1140 978 formator,
1167 935 1229 967 ne
1265 919 1520 968 dominum
1556 920 1754 985 quidem
1781 920 1879 970 dici
1912 937 1963 969 se

276 998 472 1046 volebat
493 1014 507 1058 3
568 1002 619 1045 et
665 997 756 1047 hoc
804 999 934 1048 enim
981 1002 1075 1049 Dei
1123 1007 1198 1050 est
1245 1019 1525 1066 cognomen.
1596 1003 1769 1053 Dicam
1815 1004 1962 1068 plane

276 1082 619 1145 imperatorem
679 1083 944 1145 dominum,
995 1085 1079 1134 sed
1130 1103 1263 1134 more
1323 1087 1580 1147 communi,
1629 1088 1715 1136 sed
1769 1087 1962 1152 quando

214 1189 261 1216 10
278 1182 374 1212 non
401 1183 561 1229 cogor,
585 1172 643 1215 ut
668 1168 918 1216 dominum
947 1168 1044 1216 Dei
1067 1168 1173 1217 vice
1198 1169 1371 1217 dicam.
1443 1170 1676 1219 Ceterum
1707 1171 1831 1219 liber
1853 1187 1962 1219 sum

277 1248 382 1310 i11i;
437 1251 665 1300 dominus
714 1250 844 1300 enim
891 1268 1028 1300 meus
1076 1270 1204 1301 unus
1251 1257 1340 1312 est,
1375 1252 1511 1301 Deus
1561 1254 1866 1319 omnipotens
1912 1258 1963 1302 et

277 1339 522 1393 aeternus,
547 1334 677 1383 idem
693 1335 784 1400 qui
808 1341 858 1384 et
881 1334 1050 1399 ipsius.
1122 1336 1222 1398 Qui
1239 1342 1380 1400 pater
1397 1337 1588 1400 patriae
1613 1344 1701 1397 est,
1721 1337 1963 1402 quomodo

277 1417 503 1466 dominus
520 1420 625 1467 est‘l
670 1419 768 1469 Sed
786 1424 860 1468 est
874 1418 1064 1482 gratius
1080 1436 1256 1468 nomen
1275 1419 1488 1483 pietatis,
1507 1437 1654 1484 quam
1672 1419 1932 1487 potestatis
1948 1435 1960 1479 ς

277 1501 427 1549 etiam
451 1501 666 1551 familiae
701 1502 859 1567 magis
883 1508 1060 1566 patres,
1089 1519 1236 1566 quam
1271 1503 1458 1551 domini
1481 1508 1733 1552 vocantur.
1805 1504 1963 1552 Tanto

210 1602 260 1642 15
278 1584 427 1645 abest,
453 1589 512 1633 ut
542 1585 808 1650 imperator
832 1586 965 1634 Deus
993 1585 1168 1634 debeat
1199 1586 1311 1646 dic-i,
1334 1586 1469 1651 quod
1493 1604 1590 1634 non
1623 1590 1788 1651 potest
1813 1585 1961 1646 credi,

277 1683 376 1714 non
400 1668 542 1716 modo
569 1668 866 1733 turpissima,
895 1668 979 1717 sed
1008 1672 1057 1716 et
1080 1668 1353 1733 perniciosa
1377 1669 1689 1730 adulatione3
1725 1673 1962 1733 tanquam

277 1749 320 1797 si
344 1749 526 1798 habens
553 1750 909 1816 imperatorem,
937 1751 1150 1799 alterum
1178 1751 1405 1815 appelles,
1430 1769 1593 1800 nonne
1620 1752 1887 1800 maximam
1911 1756 1963 1799 et

277 1833 628 1882 inexorabilem
661 1834 895 1883 offensam
931 1834 1186 1882 contrahes
1219 1836 1339 1897 ejus,
1370 1851 1514 1898 quem
1549 1834 1779 1892 habuisti,
1811 1833 1961 1883 etiam

276 1915 373 1978 ipsi
397 1915 680 1976 timendam,
709 1935 852 1981 quem
887 1917 1184 1981 appellasti?
1255 1917 1375 1965 Esto
1401 1917 1659 1980 religiosus
1694 1917 1748 1964 in
1784 1917 1961 1974 Deum,

210 2025 261 2053 20
278 1999 362 2061 qui
400 1999 476 2048 vis
517 2000 659 2048 illum
706 1999 973 2064 propitium
1010 1999 1311 2063 imperatori.
1387 2000 1566 2048 Desine
1608 1999 1762 2048 alium
1800 2000 1962 2048 Deum

342 2114 375 2144 1.
406 2106 648 2144 hominem
667 2109 905 2144 memento
925 2108 972 2144 te
990 2118 998 2143 :
1028 2117 1158 2155 comp.
1183 2104 1214 2143 J
1219 2117 1344 2143 uven.
1365 2116 1404 2143 x.
1417 2116 1470 2156 42
1490 2117 1501 2153 ;
1531 2104 1642 2143 Plin.
1660 2104 1712 2144 N
1710 2135 1719 2145 .
1738 2103 1799 2144 H.
1816 2104 1961 2143 xxxiii.

285 2176 302 2204 1
322 2178 332 2213 3
360 2166 390 2205 J
396 2178 525 2206 erom.
547 2166 627 2218 Ep.
652 2166 712 2205 ad
731 2165 921 2205 Paulam
942 2166 995 2204 de
1015 2165 1078 2206 ob.
1104 2164 1330 2205 Blesillae.

336 2241 374 2280 3.
409 2227 591 2280 [Minor
615 2259 624 2268 .
645 2259 656 2268 ,
680 2260 690 2270 .
713 2228 986 2281 diceretur}
1043 2229 1180 2269 These
1196 2228 1334 2268 words
1354 2242 1465 2269 were
1480 2228 1688 2281 supposed
1702 2228 1760 2282 by
1774 2229 1960 2269 Havere.

278 2296 323 2331 to
341 2291 453 2331 have
471 2291 579 2331 been
598 2291 788 2331 inserted
807 2292 865 2345 by
885 2305 999 2331 some
1018 2292 1193 2344 copyist.

338 2363 373 2406 7.
402 2356 650 2401 Augustus
671 2384 679 2393 .
701 2385 711 2395 .
731 2384 744 2393 .
764 2356 970 2394 volebat.
1029 2353 1202 2393 Sueton.
1222 2351 1317 2392 Oet.
1332 2363 1399 2404 43,
1418 2354 1430 2374 ‘
1446 2351 1620 2392 Domini
1637 2351 1962 2404 appellationem

279 2421 329 2456 ut
357 2417 633 2456 maledictum
663 2420 707 2456 et
741 2417 1010 2469 opprobrium
1042 2429 1207 2468 semper
1237 2413 1484 2455 abhorruit?
1540 2415 1732 2454 Tiberius
1760 2415 1851 2454 also
1879 2414 1962 2454 dis-

278 2479 459 2518 claimed
478 2478 552 2519 the
571 2479 683 2528 title,
704 2478 877 2519 Sueton.
902 2478 993 2518 Tib.
1019 2490 1038 2517 2
1045 2485 1068 2531 7
1086 2491 1096 2527 ;
1125 2478 1203 2518 but
1223 2477 1447 2518 Domitian
1466 2477 1662 2517 assumed
1681 2476 1755 2516 the
1773 2474 1962 2529 ap'pella-

279 2543 370 2582 tion
390 2542 437 2582 of
451 2542 661 2582 Dominus
681 2546 718 2582 et
737 2543 854 2583 Deus
873 2544 1029 2591 noster,
1049 2542 1210 2582 Domit.
1237 2552 1314 2591 133
1344 2554 1412 2580 see
1430 2541 1506 2581 the
1526 2541 1673 2589 above,
1695 2540 1760 2581 ch.
1784 2541 1849 2580 28.

339 2617 402 2645 10.
432 2609 521 2645 Dei
540 2609 657 2652 vice,
675 2609 689 2627 ¹
702 2603 816 2655 like,'
833 2619 881 2645 or
893 2607 908 2627 ⁴
922 2607 967 2645 in
983 2605 1058 2645 the
1077 2618 1199 2645 sense
1215 2605 1270 2654 of,
1284 2601 1426 2652 God'3
1455 2603 1637 2656 opposed
1655 2607 1701 2643 to
1721 2616 1834 2643 more
1853 2615 1959 2642 com-

279 2668 419 2708 muni:
450 2682 583 2720 comp.
612 2668 810 2709 Lactant.
842 2668 900 2708 iv.
927 2669 992 2715 28,
1023 2669 1034 2690 ‘
1052 2671 1101 2707 ut
1131 2667 1307 2707 deorum
1334 2666 1428 2706 vice
1456 2670 1646 2705 mortuos
1674 2662 1959 2714 honorarent‚’

279 2731 365 2770 and
387 2734 398 2752 ‘
414 2731 506 2770 vice
524 2728 855 2780 rebellantium,'
879 2731 1024 2778 above,
1047 2729 1111 2770 ch.
1137 2737 1202 2782 27.
1259 2728 1338 2769 See
1357 2728 1540 2768 Martial
1560 2741 1600 2767 x.
1625 2735 1692 2779 '7²-

389 2795 514 2833 liber
543 2806 649 2832 sum
677 2795 777 2834 illi:
809 2793 885 2832 illi
912 2793 948 2831 is
977 2792 1212 2844 emphatic:
1242 2793 1254 2814 ‘
1270 2804 1318 2831 as
1346 2789 1520 2843 regards
1549 2790 1639 2830 him
1667 2790 1691 2829 I
1719 2803 1790 2830 am
1817 2803 1843 2829 a
1871 2789 1959 2828 free

279 2868 381 2894 man
395 2853 405 2870 ’
422 2869 432 2904 3
461 2869 594 2908 comp.
615 2855 691 2896 the
709 2855 829 2908 reply
848 2854 895 2895 of
911 2854 951 2895 S.
979 2855 1197 2894 Maximus
1218 2853 1395 2906 (quoted
1415 2848 1640 2893 Pressense
1660 2853 1702 2892 ii.
1725 2852 1798 2906 88)
1820 2856 1865 2892 to
1884 2851 1959 2892 the

280 2917 476 2971 question
496 2920 507 2939 ‘
523 2918 653 2971 Cujus
666 2918 921 2958 condicionis
941 2915 1005 2958 es’
1023 2918 1038 2957 ’ἒ
1067 2919 1078 2938 ‘
1094 2918 1311 2969 Ingenuus
1330 2920 1472 2962 natus,
1491 2929 1637 2956 servus
1650 2928 1750 2955 vero
1765 2913 1957 2955 Christi?

280 2982 372 3020 One
391 2993 490 3033 may
513 2985 613 3021 note
632 2981 706 3020 the
725 2994 843 3033 germ
866 2980 912 3020 of
932 2979 1007 3020 the
1027 2993 1148 3020 sense
1167 2979 1213 3019 of
1227 2979 1328 3019 civil
1346 2979 1504 3032 liberty
1527 2991 1573 3018 as
1596 2991 1622 3018 a
1639 2977 1756 3032 right
1774 2978 1819 3017 in
1839 2978 1958 3019 these

308 3055 487 3094 assages.
878 3072 883 3078 .

280 3056 306 3096 p
341 3115 401 3155 14.
435 3107 587 3144 Tanto
607 3107 750 3153 abest,
773 3108 827 3143 ut
854 3106 1124 3151 imperator.
1182 3108 1192 3124 ⁶
1206 3102 1261 3143 So
1283 3102 1349 3142 far
1371 3103 1406 3142 is
1433 3102 1468 3142 it
1492 3101 1599 3141 from
1624 3100 1751 3154 being
1773 3101 1847 3141 the
1871 3116 1957 3142 em-

280 3163 436 3218 peror's
456 3166 538 3205 due
557 3170 602 3205 to
621 3167 674 3206 be
693 3166 832 3206 called
851 3166 944 3206 God
965 3164 1124 3218 (which
1142 3165 1178 3205 is
1197 3164 1447 3216 incredible)
1470 3195 1480 3205 .
1503 3194 1512 3203 .
1535 3162 1561 3204 .’
1614 3163 1751 3204 Panto
1772 3177 1884 3204 sums
1900 3178 1958 3218 up

281 3228 355 3268 the
375 3227 608 3268 inferences
627 3228 734 3267 from
754 3227 828 3267 the
847 3227 1074 3280 preceding
1093 3230 1324 3268 sentences.
