<?xml version="1.0" encoding="UTF-8"?>
<!DOCTYPE html PUBLIC "-//W3C//DTD XHTML 1.0 Transitional//EN"
    "http://www.w3.org/TR/xhtml1/DTD/xhtml1-transitional.dtd">
<html xmlns="http://www.w3.org/1999/xhtml" xml:lang="en" lang="en">
 <head>
  <title>
</title>
<meta http-equiv="Content-Type" content="text/html;charset=utf-8" />
  <meta name='ocr-system' content='tesseract 3.04.00' />
  <meta name='ocr-capabilities' content='ocr_page ocr_carea ocr_par ocr_line ocrx_word'/>
</head>
<body>
  <div class='ocr_page' id='page_1' title='image "apologeticusadve00tertuoft_0128.png"; bbox 0 0 2124 3554; ppageno 0'>
   <div class='ocr_carea' id='block_1_1' title="bbox 276 192 1955 261">
    <p class='ocr_par' dir='ltr' id='par_1_1' title="bbox 276 192 1955 261">
     <span class='ocr_line' id='line_1_1' title="bbox 276 192 1955 261; baseline 0.001 -20"><span class='ocrx_word' id='word_1_1' title='bbox 276 206 346 258; x_wconf 89' lang='lat'>90</span> <span class='ocrx_word' id='word_1_2' title='bbox 750 192 1083 246; x_wconf 77' lang='lat' dir='ltr'><em>Tertulliani</em></span> <span class='ocrx_word' id='word_1_3' title='bbox 1115 193 1493 261; x_wconf 81' lang='lat' dir='ltr'>Apologetz&#39;cus</span> <span class='ocrx_word' id='word_1_4' title='bbox 1658 201 1776 255; x_wconf 80' lang='lat' dir='ltr'>[CAP.</span> <span class='ocrx_word' id='word_1_5' title='bbox 1800 204 1955 243; x_wconf 79' lang='lat' dir='ltr'>XXIV.</span> 
     </span>
    </p>
   </div>
   <div class='ocr_carea' id='block_1_2' title="bbox 209 336 1994 2146">
    <p class='ocr_par' dir='ltr' id='par_1_2' title="bbox 209 336 1994 2146">
     <span class='ocr_line' id='line_1_2' title="bbox 273 336 1955 401; baseline 0.001 -18"><span class='ocrx_word' id='word_1_6' title='bbox 273 353 360 384; x_wconf 90' lang='lat' dir='ltr'>nos</span> <span class='ocrx_word' id='word_1_7' title='bbox 395 336 745 401; x_wconf 82' lang='lat' dir='ltr'><strong>mancipamur,</strong></span> <span class='ocrx_word' id='word_1_8' title='bbox 785 337 906 386; x_wconf 89' lang='lat' dir='ltr'>satis</span> <span class='ocrx_word' id='word_1_9' title='bbox 954 336 1133 386; x_wconf 89' lang='lat' dir='ltr'>idonea</span> <span class='ocrx_word' id='word_1_10' title='bbox 1180 341 1256 386; x_wconf 88' lang='lat' dir='ltr'>est</span> <span class='ocrx_word' id='word_1_11' title='bbox 1293 337 1357 386; x_wconf 89' lang='lat' dir='ltr'>ad</span> <span class='ocrx_word' id='word_1_12' title='bbox 1391 337 1732 401; x_wconf 90' lang='lat' dir='ltr'>depellendum</span> <span class='ocrx_word' id='word_1_13' title='bbox 1771 337 1955 386; x_wconf 81' lang='lat' dir='ltr'>crimen</span> 
     </span>
     <span class='ocr_line' id='line_1_3' title="bbox 272 418 1957 485; baseline 0.001 -18"><span class='ocrx_word' id='word_1_14' title='bbox 272 419 430 468; x_wconf 81' lang='lat' dir='ltr'>laesae</span> <span class='ocrx_word' id='word_1_15' title='bbox 476 419 685 468; x_wconf 82' lang='lat' dir='ltr'>maxime</span> <span class='ocrx_word' id='word_1_16' title='bbox 734 420 989 469; x_wconf 82' lang='lat' dir='ltr'>Romanae</span> <span class='ocrx_word' id='word_1_17' title='bbox 1041 420 1309 485; x_wconf 80' lang='lat' dir='ltr'>religionis.</span> <span class='ocrx_word' id='word_1_18' title='bbox 1399 418 1454 468; x_wconf 84' lang='lat' dir='ltr'>Si</span> <span class='ocrx_word' id='word_1_19' title='bbox 1507 419 1638 468; x_wconf 90' lang='lat' dir='ltr'>enim</span> <span class='ocrx_word' id='word_1_20' title='bbox 1686 437 1787 468; x_wconf 90' lang='lat' dir='ltr'>non</span> <span class='ocrx_word' id='word_1_21' title='bbox 1838 425 1957 469; x_wconf 90' lang='lat' dir='ltr'>sunt</span> 
     </span>
     <span class='ocr_line' id='line_1_4' title="bbox 273 502 1954 568; baseline 0.001 -19"><span class='ocrx_word' id='word_1_22' title='bbox 273 502 344 550; x_wconf 92' lang='lat' dir='ltr'>dii</span> <span class='ocrx_word' id='word_1_23' title='bbox 378 520 467 566; x_wconf 87' lang='lat' dir='ltr'>pro</span> <span class='ocrx_word' id='word_1_24' title='bbox 504 507 651 561; x_wconf 88' lang='lat' dir='ltr'>certo,</span> <span class='ocrx_word' id='word_1_25' title='bbox 680 520 768 551; x_wconf 93' lang='lat' dir='ltr'>nec</span> <span class='ocrx_word' id='word_1_26' title='bbox 805 503 979 568; x_wconf 89' lang='lat' dir='ltr'>religio</span> <span class='ocrx_word' id='word_1_27' title='bbox 1014 520 1104 567; x_wconf 94' lang='lat' dir='ltr'>pro</span> <span class='ocrx_word' id='word_1_28' title='bbox 1142 507 1275 551; x_wconf 90' lang='lat' dir='ltr'>certo</span> <span class='ocrx_word' id='word_1_29' title='bbox 1311 508 1413 562; x_wconf 86' lang='lat' dir='ltr'>est;</span> <span class='ocrx_word' id='word_1_30' title='bbox 1453 503 1494 551; x_wconf 91' lang='lat' dir='ltr'>si</span> <span class='ocrx_word' id='word_1_31' title='bbox 1529 503 1703 567; x_wconf 89' lang='lat' dir='ltr'>religio</span> <span class='ocrx_word' id='word_1_32' title='bbox 1735 520 1833 551; x_wconf 93' lang='lat' dir='ltr'>non</span> <span class='ocrx_word' id='word_1_33' title='bbox 1866 507 1954 563; x_wconf 89' lang='lat' dir='ltr'>est,</span> 
     </span>
     <span class='ocr_line' id='line_1_5' title="bbox 274 585 1994 649; baseline 0.001 -17"><span class='ocrx_word' id='word_1_34' title='bbox 274 585 388 648; x_wconf 88' lang='lat' dir='ltr'>quia</span> <span class='ocrx_word' id='word_1_35' title='bbox 415 603 504 633; x_wconf 90' lang='lat' dir='ltr'>nec</span> <span class='ocrx_word' id='word_1_36' title='bbox 540 585 611 633; x_wconf 93' lang='lat' dir='ltr'>dii</span> <span class='ocrx_word' id='word_1_37' title='bbox 643 603 732 649; x_wconf 92' lang='lat' dir='ltr'>pro</span> <span class='ocrx_word' id='word_1_38' title='bbox 766 590 914 646; x_wconf 87' lang='lat' dir='ltr'>certo,</span> <span class='ocrx_word' id='word_1_39' title='bbox 948 603 1037 635; x_wconf 91' lang='lat' dir='ltr'>nec</span> <span class='ocrx_word' id='word_1_40' title='bbox 1073 602 1160 634; x_wconf 91' lang='lat' dir='ltr'>nos</span> <span class='ocrx_word' id='word_1_41' title='bbox 1196 603 1288 649; x_wconf 90' lang='lat' dir='ltr'>pro</span> <span class='ocrx_word' id='word_1_42' title='bbox 1321 590 1456 634; x_wconf 91' lang='lat' dir='ltr'>certo</span> <span class='ocrx_word' id='word_1_43' title='bbox 1492 585 1564 634; x_wconf 91' lang='lat' dir='ltr'>rei</span> <span class='ocrx_word' id='word_1_44' title='bbox 1596 602 1764 634; x_wconf 82' lang='lat' dir='ltr'>sumus</span> <span class='ocrx_word' id='word_1_45' title='bbox 1799 586 1957 635; x_wconf 82' lang='lat' dir='ltr'>laesae</span> <span class='ocrx_word' id='word_1_46' title='bbox 1992 585 1994 587; x_wconf 71' lang='grc'><strong>’</strong></span> 
     </span>
     <span class='ocr_line' id='line_1_6' title="bbox 232 667 1954 733; baseline 0.001 -18"><span class='ocrx_word' id='word_1_47' title='bbox 232 680 254 720; x_wconf 90' lang='lat'>5</span> <span class='ocrx_word' id='word_1_48' title='bbox 272 668 536 731; x_wconf 80' lang='lat' dir='ltr'>religionis.</span> <span class='ocrx_word' id='word_1_49' title='bbox 617 667 694 730; x_wconf 84' lang='lat' dir='ltr'>At</span> <span class='ocrx_word' id='word_1_50' title='bbox 717 685 744 717; x_wconf 92' lang='lat' dir='ltr'>e</span> <span class='ocrx_word' id='word_1_51' title='bbox 768 669 1015 718; x_wconf 89' lang='lat' dir='ltr'>contrario</span> <span class='ocrx_word' id='word_1_52' title='bbox 1040 669 1092 717; x_wconf 93' lang='lat' dir='ltr'>in</span> <span class='ocrx_word' id='word_1_53' title='bbox 1115 686 1202 717; x_wconf 86' lang='lat' dir='ltr'>vos</span> <span class='ocrx_word' id='word_1_54' title='bbox 1226 669 1541 732; x_wconf 76' lang='lat' dir='ltr'>exprobratio</span> <span class='ocrx_word' id='word_1_55' title='bbox 1566 668 1840 728; x_wconf 75' lang='lat' dir='ltr'>resultabit,</span> <span class='ocrx_word' id='word_1_56' title='bbox 1866 668 1954 733; x_wconf 87' lang='lat' dir='ltr'>qui</span> 
     </span>
     <span class='ocr_line' id='line_1_7' title="bbox 273 751 1957 817; baseline 0.002 -18"><span class='ocrx_word' id='word_1_57' title='bbox 273 752 582 800; x_wconf 86' lang='lat' dir='ltr'>mendacium</span> <span class='ocrx_word' id='word_1_58' title='bbox 618 753 844 811; x_wconf 90' lang='lat' dir='ltr'>colentes,</span> <span class='ocrx_word' id='word_1_59' title='bbox 882 770 1049 801; x_wconf 88' lang='lat' dir='ltr'>veram</span> <span class='ocrx_word' id='word_1_60' title='bbox 1089 751 1376 817; x_wconf 87' lang='lat' dir='ltr'>religionem</span> <span class='ocrx_word' id='word_1_61' title='bbox 1412 753 1517 802; x_wconf 86' lang='lat' dir='ltr'>veri</span> <span class='ocrx_word' id='word_1_62' title='bbox 1550 753 1645 801; x_wconf 88' lang='lat' dir='ltr'>Dei</span> <span class='ocrx_word' id='word_1_63' title='bbox 1679 769 1776 801; x_wconf 91' lang='lat' dir='ltr'>non</span> <span class='ocrx_word' id='word_1_64' title='bbox 1813 752 1957 802; x_wconf 85' lang='lat' dir='ltr'>modo</span> 
     </span>
     <span class='ocr_line' id='line_1_8' title="bbox 273 835 1958 901; baseline 0.001 -19"><span class='ocrx_word' id='word_1_65' title='bbox 273 835 578 899; x_wconf 89' lang='lat' dir='ltr'>negligendo,</span> <span class='ocrx_word' id='word_1_66' title='bbox 606 835 727 899; x_wconf 84' lang='lat' dir='ltr'>quin</span> <span class='ocrx_word' id='word_1_67' title='bbox 761 835 963 901; x_wconf 87' lang='lat' dir='ltr'>insuper</span> <span class='ocrx_word' id='word_1_68' title='bbox 994 836 1336 900; x_wconf 86' lang='lat' dir='ltr'>expugnand0‚</span> <span class='ocrx_word' id='word_1_69' title='bbox 1363 835 1412 883; x_wconf 92' lang='lat' dir='ltr'>in</span> <span class='ocrx_word' id='word_1_70' title='bbox 1443 852 1616 884; x_wconf 89' lang='lat' dir='ltr'>verum</span> <span class='ocrx_word' id='word_1_71' title='bbox 1651 835 1958 884; x_wconf 85' lang='lat' dir='ltr'>committitis</span> 
     </span>
     <span class='ocr_line' id='line_1_9' title="bbox 274 918 1958 982; baseline 0.001 -16"><span class='ocrx_word' id='word_1_72' title='bbox 274 918 459 967; x_wconf 82' lang='lat' dir='ltr'>crimen</span> <span class='ocrx_word' id='word_1_73' title='bbox 482 935 625 967; x_wconf 89' lang='lat' dir='ltr'>verae</span> <span class='ocrx_word' id='word_1_74' title='bbox 661 918 1060 982; x_wconf 85' lang='lat' dir='ltr'>irreligiositatis.</span> <span class='ocrx_word' id='word_1_75' title='bbox 1134 919 1298 979; x_wconf 91' lang='lat' dir='ltr'>Nunc,</span> <span class='ocrx_word' id='word_1_76' title='bbox 1336 923 1396 968; x_wconf 93' lang='lat' dir='ltr'>ut</span> <span class='ocrx_word' id='word_1_77' title='bbox 1425 923 1668 968; x_wconf 87' lang='lat' dir='ltr'>constaret</span> <span class='ocrx_word' id='word_1_78' title='bbox 1701 918 1813 967; x_wconf 88' lang='lat' dir='ltr'>illos</span> <span class='ocrx_word' id='word_1_79' title='bbox 1842 919 1958 967; x_wconf 87' lang='lat' dir='ltr'>deos</span> 
     </span>
     <span class='ocr_line' id='line_1_10' title="bbox 274 1001 1958 1066; baseline 0.001 -18"><span class='ocrx_word' id='word_1_80' title='bbox 274 1017 389 1061; x_wconf 90' lang='lat' dir='ltr'>esse,</span> <span class='ocrx_word' id='word_1_81' title='bbox 417 1019 576 1049; x_wconf 90' lang='lat' dir='ltr'>nonne</span> <span class='ocrx_word' id='word_1_82' title='bbox 602 1001 867 1050; x_wconf 85' lang='lat' dir='ltr'>conceditis</span> <span class='ocrx_word' id='word_1_83' title='bbox 891 1003 950 1051; x_wconf 89' lang='lat' dir='ltr'>de</span> <span class='ocrx_word' id='word_1_84' title='bbox 980 1001 1318 1051; x_wconf 87' lang='lat' dir='ltr'>aestimatione</span> <span class='ocrx_word' id='word_1_85' title='bbox 1344 1001 1589 1050; x_wconf 89' lang='lat' dir='ltr'>communi</span> <span class='ocrx_word' id='word_1_86' title='bbox 1621 1001 1833 1066; x_wconf 82' lang='lat' dir='ltr'>aliquem</span> <span class='ocrx_word' id='word_1_87' title='bbox 1856 1018 1958 1050; x_wconf 88' lang='lat' dir='ltr'>esse</span> 
     </span>
     <span class='ocr_line' id='line_1_11' title="bbox 209 1085 1957 1151; baseline 0.001 -19"><span class='ocrx_word' id='word_1_88' title='bbox 209 1104 258 1132; x_wconf 93' lang='lat'>10</span> <span class='ocrx_word' id='word_1_89' title='bbox 275 1085 611 1135; x_wconf 88' lang='lat' dir='ltr'>sublimiorem</span> <span class='ocrx_word' id='word_1_90' title='bbox 630 1089 679 1134; x_wconf 89' lang='lat' dir='ltr'>et</span> <span class='ocrx_word' id='word_1_91' title='bbox 702 1086 1030 1150; x_wconf 91' lang='lat' dir='ltr'>potentiorem</span> <span class='ocrx_word' id='word_1_92' title='bbox 1045 1087 1181 1135; x_wconf 87' lang='lat' dir='ltr'>velut</span> <span class='ocrx_word' id='word_1_93' title='bbox 1204 1086 1478 1151; x_wconf 88' lang='lat' dir='ltr'>principem</span> <span class='ocrx_word' id='word_1_94' title='bbox 1501 1086 1686 1146; x_wconf 88' lang='lat' dir='ltr'>mundi,</span> <span class='ocrx_word' id='word_1_95' title='bbox 1714 1086 1957 1149; x_wconf 85' lang='lat' dir='ltr'>perfectae</span> 
     </span>
     <span class='ocr_line' id='line_1_12' title="bbox 273 1168 1960 1234; baseline -0.001 -17"><span class='ocrx_word' id='word_1_96' title='bbox 273 1169 525 1233; x_wconf 88' lang='lat' dir='ltr'>potentiae</span> <span class='ocrx_word' id='word_1_97' title='bbox 572 1172 623 1217; x_wconf 88' lang='lat' dir='ltr'>et</span> <span class='ocrx_word' id='word_1_98' title='bbox 669 1169 972 1233; x_wconf 66' lang='lat' dir='ltr'>majestatis&#39;l</span> <span class='ocrx_word' id='word_1_99' title='bbox 1043 1170 1175 1218; x_wconf 90' lang='lat' dir='ltr'>Nam</span> <span class='ocrx_word' id='word_1_100' title='bbox 1217 1174 1267 1218; x_wconf 90' lang='lat' dir='ltr'>et</span> <span class='ocrx_word' id='word_1_101' title='bbox 1309 1169 1376 1218; x_wconf 91' lang='lat' dir='ltr'>sic</span> <span class='ocrx_word' id='word_1_102' title='bbox 1423 1169 1647 1234; x_wconf 89' lang='lat' dir='ltr'>plerique</span> <span class='ocrx_word' id='word_1_103' title='bbox 1689 1168 1960 1233; x_wconf 89' lang='lat' dir='ltr'>disponunt</span> 
     </span>
     <span class='ocr_line' id='line_1_13' title="bbox 274 1252 1959 1317; baseline 0 -17"><span class='ocrx_word' id='word_1_104' title='bbox 274 1252 601 1311; x_wconf 86' lang='lat' dir='ltr'>divinitatem,</span> <span class='ocrx_word' id='word_1_105' title='bbox 640 1256 700 1301; x_wconf 92' lang='lat' dir='ltr'>ut</span> <span class='ocrx_word' id='word_1_106' title='bbox 735 1252 998 1317; x_wconf 89' lang='lat' dir='ltr'>imperium</span> <span class='ocrx_word' id='word_1_107' title='bbox 1034 1270 1251 1302; x_wconf 89' lang='lat' dir='ltr'>summae</span> <span class='ocrx_word' id='word_1_108' title='bbox 1287 1252 1637 1301; x_wconf 88' lang='lat' dir='ltr'>dominationis</span> <span class='ocrx_word' id='word_1_109' title='bbox 1674 1269 1774 1300; x_wconf 90' lang='lat' dir='ltr'>esse</span> <span class='ocrx_word' id='word_1_110' title='bbox 1811 1268 1959 1316; x_wconf 89' lang='lat' dir='ltr'>penes</span> 
     </span>
     <span class='ocr_line' id='line_1_14' title="bbox 273 1334 1958 1399; baseline 0 -17"><span class='ocrx_word' id='word_1_111' title='bbox 273 1353 440 1394; x_wconf 88' lang='lat' dir='ltr'>unum,</span> <span class='ocrx_word' id='word_1_112' title='bbox 485 1334 641 1383; x_wconf 88' lang='lat' dir='ltr'>officia</span> <span class='ocrx_word' id='word_1_113' title='bbox 689 1337 794 1398; x_wconf 86' lang='lat' dir='ltr'>ejus</span> <span class='ocrx_word' id='word_1_114' title='bbox 842 1352 989 1399; x_wconf 87' lang='lat' dir='ltr'>penes</span> <span class='ocrx_word' id='word_1_115' title='bbox 1036 1335 1220 1385; x_wconf 90' lang='lat' dir='ltr'>multos</span> <span class='ocrx_word' id='word_1_116' title='bbox 1262 1335 1420 1384; x_wconf 86' lang='lat' dir='ltr'>velint</span> <span class='ocrx_word' id='word_1_117' title='bbox 1436 1352 1450 1395; x_wconf 82' lang='lat'><em>3</em></span> <span class='ocrx_word' id='word_1_118' title='bbox 1504 1340 1563 1384; x_wconf 91' lang='lat' dir='ltr'>ut</span> <span class='ocrx_word' id='word_1_119' title='bbox 1603 1335 1744 1383; x_wconf 91' lang='lat' dir='ltr'>Plato</span> <span class='ocrx_word' id='word_1_120' title='bbox 1785 1334 1817 1383; x_wconf 87' lang='lat' dir='ltr'><strong>J</strong></span> <span class='ocrx_word' id='word_1_121' title='bbox 1821 1350 1958 1383; x_wconf 85' lang='lat' dir='ltr'>ovem</span> 
     </span>
     <span class='ocr_line' id='line_1_15' title="bbox 273 1417 1960 1482; baseline -0.001 -16"><span class='ocrx_word' id='word_1_122' title='bbox 273 1435 504 1482; x_wconf 87' lang='lat' dir='ltr'>magnum</span> <span class='ocrx_word' id='word_1_123' title='bbox 528 1418 580 1465; x_wconf 94' lang='lat' dir='ltr'>in</span> <span class='ocrx_word' id='word_1_124' title='bbox 601 1418 732 1467; x_wconf 90' lang='lat' dir='ltr'>caelo</span> <span class='ocrx_word' id='word_1_125' title='bbox 751 1418 1038 1467; x_wconf 83' lang='lat' dir='ltr'>comitatum</span> <span class='ocrx_word' id='word_1_126' title='bbox 1060 1419 1279 1468; x_wconf 88' lang='lat' dir='ltr'>exercitu</span> <span class='ocrx_word' id='word_1_127' title='bbox 1297 1418 1530 1467; x_wconf 86' lang='lat' dir='ltr'>describit</span> <span class='ocrx_word' id='word_1_128' title='bbox 1549 1419 1750 1467; x_wconf 89' lang='lat' dir='ltr'>deorum</span> <span class='ocrx_word' id='word_1_129' title='bbox 1773 1417 1960 1481; x_wconf 87' lang='lat' dir='ltr'>pariter</span> 
     </span>
     <span class='ocr_line' id='line_1_16' title="bbox 210 1501 1961 1567; baseline 0.002 -21"><span class='ocrx_word' id='word_1_130' title='bbox 210 1518 257 1559; x_wconf 85' lang='lat'>15</span> <span class='ocrx_word' id='word_1_131' title='bbox 276 1507 326 1551; x_wconf 87' lang='lat' dir='ltr'>et</span> <span class='ocrx_word' id='word_1_132' title='bbox 350 1502 652 1551; x_wconf 87' lang='lat' dir='ltr'>daemonum.</span> <span class='ocrx_word' id='word_1_133' title='bbox 725 1502 900 1566; x_wconf 88' lang='lat' dir='ltr'>Itaque</span> <span class='ocrx_word' id='word_1_134' title='bbox 927 1507 1151 1567; x_wconf 87' lang='lat' dir='ltr'>oportere</span> <span class='ocrx_word' id='word_1_135' title='bbox 1176 1507 1227 1551; x_wconf 91' lang='lat' dir='ltr'>et</span> <span class='ocrx_word' id='word_1_136' title='bbox 1255 1506 1574 1566; x_wconf 86' lang='lat' dir='ltr'>procurantes</span> <span class='ocrx_word' id='word_1_137' title='bbox 1603 1506 1655 1551; x_wconf 91' lang='lat' dir='ltr'>et</span> <span class='ocrx_word' id='word_1_138' title='bbox 1689 1501 1961 1566; x_wconf 87' lang='lat' dir='ltr'>praefectos</span> 
     </span>
     <span class='ocr_line' id='line_1_17' title="bbox 276 1583 1959 1650; baseline -0.001 -17"><span class='ocrx_word' id='word_1_139' title='bbox 276 1591 325 1634; x_wconf 89' lang='lat' dir='ltr'>et</span> <span class='ocrx_word' id='word_1_140' title='bbox 348 1585 594 1649; x_wconf 88' lang='lat' dir='ltr'>praesides</span> <span class='ocrx_word' id='word_1_141' title='bbox 618 1585 808 1649; x_wconf 89' lang='lat' dir='ltr'>pariter</span> <span class='ocrx_word' id='word_1_142' title='bbox 833 1585 1030 1650; x_wconf 85' lang='lat' dir='ltr'>suspici.</span> <span class='ocrx_word' id='word_1_143' title='bbox 1083 1586 1154 1635; x_wconf 90' lang='lat' dir='ltr'>Et</span> <span class='ocrx_word' id='word_1_144' title='bbox 1173 1589 1337 1635; x_wconf 91' lang='lat' dir='ltr'>tamen</span> <span class='ocrx_word' id='word_1_145' title='bbox 1362 1585 1493 1649; x_wconf 92' lang='lat' dir='ltr'>quod</span> <span class='ocrx_word' id='word_1_146' title='bbox 1516 1585 1704 1634; x_wconf 88' lang='lat' dir='ltr'>facinus</span> <span class='ocrx_word' id='word_1_147' title='bbox 1723 1583 1959 1643; x_wconf 85' lang='lat' dir='ltr'>admittit,</span> 
     </span>
     <span class='ocr_line' id='line_1_18' title="bbox 276 1668 1960 1734; baseline 0 -18"><span class='ocrx_word' id='word_1_148' title='bbox 276 1668 363 1732; x_wconf 91' lang='lat' dir='ltr'>qui</span> <span class='ocrx_word' id='word_1_149' title='bbox 404 1668 560 1732; x_wconf 90' lang='lat' dir='ltr'>magis</span> <span class='ocrx_word' id='word_1_150' title='bbox 597 1669 661 1717; x_wconf 85' lang='lat' dir='ltr'>ad</span> <span class='ocrx_word' id='word_1_151' title='bbox 700 1669 958 1718; x_wconf 85' lang='lat' dir='ltr'>Caesarem</span> <span class='ocrx_word' id='word_1_152' title='bbox 995 1669 1372 1734; x_wconf 92' lang='lat' dir='ltr'>promerendum</span> <span class='ocrx_word' id='word_1_153' title='bbox 1409 1673 1457 1717; x_wconf 90' lang='lat' dir='ltr'>et</span> <span class='ocrx_word' id='word_1_154' title='bbox 1499 1685 1697 1733; x_wconf 87' lang='lat' dir='ltr'>operam</span> <span class='ocrx_word' id='word_1_155' title='bbox 1736 1673 1787 1717; x_wconf 91' lang='lat' dir='ltr'>et</span> <span class='ocrx_word' id='word_1_156' title='bbox 1824 1684 1960 1731; x_wconf 92' lang='lat' dir='ltr'>spem</span> 
     </span>
     <span class='ocr_line' id='line_1_19' title="bbox 275 1750 1961 1815; baseline -0.001 -16"><span class='ocrx_word' id='word_1_157' title='bbox 275 1768 410 1799; x_wconf 87' lang='lat' dir='ltr'>suam</span> <span class='ocrx_word' id='word_1_158' title='bbox 433 1752 683 1810; x_wconf 86' lang='lat' dir='ltr'>transfert,</span> <span class='ocrx_word' id='word_1_159' title='bbox 709 1769 798 1801; x_wconf 92' lang='lat' dir='ltr'>nec</span> <span class='ocrx_word' id='word_1_160' title='bbox 834 1752 1212 1815; x_wconf 87' lang='lat' dir='ltr'>appellationem</span> <span class='ocrx_word' id='word_1_161' title='bbox 1246 1751 1325 1800; x_wconf 89' lang='lat' dir='ltr'>dei</span> <span class='ocrx_word' id='word_1_162' title='bbox 1362 1751 1433 1799; x_wconf 88' lang='lat' dir='ltr'>ita</span> <span class='ocrx_word' id='word_1_163' title='bbox 1467 1756 1527 1799; x_wconf 92' lang='lat' dir='ltr'>ut</span> <span class='ocrx_word' id='word_1_164' title='bbox 1562 1750 1872 1814; x_wconf 88' lang='lat' dir='ltr'>imperatoris</span> <span class='ocrx_word' id='word_1_165' title='bbox 1907 1750 1961 1797; x_wconf 93' lang='lat' dir='ltr'>in</span> 
     </span>
     <span class='ocr_line' id='line_1_20' title="bbox 275 1833 1962 1898; baseline -0.001 -16"><span class='ocrx_word' id='word_1_166' title='bbox 275 1833 372 1883; x_wconf 87' lang='lat' dir='ltr'>alio</span> <span class='ocrx_word' id='word_1_167' title='bbox 410 1851 556 1898; x_wconf 91' lang='lat' dir='ltr'>quam</span> <span class='ocrx_word' id='word_1_168' title='bbox 592 1833 816 1898; x_wconf 89' lang='lat' dir='ltr'>principe</span> <span class='ocrx_word' id='word_1_169' title='bbox 857 1834 1133 1894; x_wconf 89' lang='lat' dir='ltr'>confitetur,</span> <span class='ocrx_word' id='word_1_170' title='bbox 1172 1851 1284 1883; x_wconf 92' lang='lat' dir='ltr'>cum</span> <span class='ocrx_word' id='word_1_171' title='bbox 1325 1833 1534 1898; x_wconf 89' lang='lat' dir='ltr'>capitale</span> <span class='ocrx_word' id='word_1_172' title='bbox 1570 1850 1671 1882; x_wconf 89' lang='lat' dir='ltr'>esse</span> <span class='ocrx_word' id='word_1_173' title='bbox 1707 1833 1962 1895; x_wconf 84' lang='lat' dir='ltr'>judicetur</span> 
     </span>
     <span class='ocr_line' id='line_1_21' title="bbox 210 1911 1961 1981; baseline 0.001 -18"><span class='ocrx_word' id='word_1_174' title='bbox 210 1935 262 1963; x_wconf 88' lang='lat'>20</span> <span class='ocrx_word' id='word_1_175' title='bbox 278 1917 431 1966; x_wconf 90' lang='lat' dir='ltr'>alium</span> <span class='ocrx_word' id='word_1_176' title='bbox 465 1921 660 1981; x_wconf 89' lang='lat' dir='ltr'>praeter</span> <span class='ocrx_word' id='word_1_177' title='bbox 695 1917 952 1966; x_wconf 84' lang='lat' dir='ltr'>Caesarem</span> <span class='ocrx_word' id='word_1_178' title='bbox 987 1921 1038 1966; x_wconf 93' lang='lat' dir='ltr'>et</span> <span class='ocrx_word' id='word_1_179' title='bbox 1076 1917 1239 1966; x_wconf 90' lang='lat' dir='ltr'>dicere</span> <span class='ocrx_word' id='word_1_180' title='bbox 1281 1911 1330 1965; x_wconf 85' lang='lat' dir='ltr'>et</span> <span class='ocrx_word' id='word_1_181' title='bbox 1370 1916 1574 1965; x_wconf 63' lang='lat' dir='ltr'>audire?</span> <span class='ocrx_word' id='word_1_182' title='bbox 1646 1915 1792 1964; x_wconf 84' lang='lat' dir='ltr'>Colat</span> <span class='ocrx_word' id='word_1_183' title='bbox 1834 1916 1961 1965; x_wconf 91' lang='lat' dir='ltr'>alius</span> 
     </span>
     <span class='ocr_line' id='line_1_22' title="bbox 278 1999 1956 2063; baseline -0.001 -16"><span class='ocrx_word' id='word_1_184' title='bbox 278 2001 454 2059; x_wconf 89' lang='lat' dir='ltr'>Deum,</span> <span class='ocrx_word' id='word_1_185' title='bbox 481 1999 605 2048; x_wconf 90' lang='lat' dir='ltr'>alius</span> <span class='ocrx_word' id='word_1_186' title='bbox 628 1999 660 2047; x_wconf 84' lang='lat' dir='ltr'><strong>J</strong></span> <span class='ocrx_word' id='word_1_187' title='bbox 665 2017 816 2060; x_wconf 88' lang='lat' dir='ltr'>ovem,</span> <span class='ocrx_word' id='word_1_188' title='bbox 843 2000 970 2048; x_wconf 87' lang='lat' dir='ltr'>alius</span> <span class='ocrx_word' id='word_1_189' title='bbox 999 2000 1064 2048; x_wconf 87' lang='lat' dir='ltr'>ad</span> <span class='ocrx_word' id='word_1_190' title='bbox 1087 2000 1275 2049; x_wconf 89' lang='lat' dir='ltr'>caelum</span> <span class='ocrx_word' id='word_1_191' title='bbox 1301 1999 1543 2063; x_wconf 90' lang='lat' dir='ltr'>supplices</span> <span class='ocrx_word' id='word_1_192' title='bbox 1573 2016 1745 2047; x_wconf 88' lang='lat' dir='ltr'>manus</span> <span class='ocrx_word' id='word_1_193' title='bbox 1769 1999 1956 2058; x_wconf 84' lang='lat' dir='ltr'>tendat,</span> 
     </span>
     <span class='ocr_line' id='line_1_23' title="bbox 278 2081 1962 2146; baseline -0.002 -15"><span class='ocrx_word' id='word_1_194' title='bbox 278 2083 403 2131; x_wconf 86' lang='lat' dir='ltr'>alius</span> <span class='ocrx_word' id='word_1_195' title='bbox 443 2083 506 2131; x_wconf 92' lang='lat' dir='ltr'>ad</span> <span class='ocrx_word' id='word_1_196' title='bbox 543 2099 681 2131; x_wconf 88' lang='lat' dir='ltr'>aram</span> <span class='ocrx_word' id='word_1_197' title='bbox 722 2083 876 2143; x_wconf 89' lang='lat' dir='ltr'>Fidei,</span> <span class='ocrx_word' id='word_1_198' title='bbox 912 2082 1055 2144; x_wconf 88' lang='lat' dir='ltr'>alius,</span> <span class='ocrx_word' id='word_1_199' title='bbox 1092 2083 1135 2132; x_wconf 91' lang='lat' dir='ltr'>si</span> <span class='ocrx_word' id='word_1_200' title='bbox 1175 2083 1267 2131; x_wconf 90' lang='lat' dir='ltr'>hoc</span> <span class='ocrx_word' id='word_1_201' title='bbox 1304 2081 1506 2146; x_wconf 89' lang='lat' dir='ltr'>putatis,</span> <span class='ocrx_word' id='word_1_202' title='bbox 1545 2082 1700 2131; x_wconf 89' lang='lat' dir='ltr'>nubes</span> <span class='ocrx_word' id='word_1_203' title='bbox 1738 2085 1962 2130; x_wconf 86' lang='lat' dir='ltr'>numeret</span> 
     </span>
    </p>
   </div>
   <div class='ocr_carea' id='block_1_3' title="bbox 281 2184 1967 2302">
    <p class='ocr_par' dir='ltr' id='par_1_3' title="bbox 281 2184 1967 2302">
     <span class='ocr_line' id='line_1_24' title="bbox 340 2184 1967 2239; baseline -0.002 -11"><span class='ocrx_word' id='word_1_204' title='bbox 340 2200 375 2228; x_wconf 90' lang='lat'>1.</span> <span class='ocrx_word' id='word_1_205' title='bbox 406 2188 525 2227; x_wconf 85' lang='lat' dir='ltr'>satis</span> <span class='ocrx_word' id='word_1_206' title='bbox 554 2189 728 2227; x_wconf 83' lang='lat' dir='ltr'>idonea</span> <span class='ocrx_word' id='word_1_207' title='bbox 763 2191 862 2227; x_wconf 89' lang='lat' dir='ltr'>est:</span> <span class='ocrx_word' id='word_1_208' title='bbox 910 2187 970 2226; x_wconf 92' lang='lat' dir='ltr'>‘is</span> <span class='ocrx_word' id='word_1_209' title='bbox 999 2187 1118 2239; x_wconf 89' lang='lat' dir='ltr'>quite</span> <span class='ocrx_word' id='word_1_210' title='bbox 1146 2186 1357 2226; x_wconf 88' lang='lat' dir='ltr'>sufficient</span> <span class='ocrx_word' id='word_1_211' title='bbox 1389 2189 1434 2225; x_wconf 94' lang='lat' dir='ltr'>to</span> <span class='ocrx_word' id='word_1_212' title='bbox 1467 2184 1606 2225; x_wconf 86' lang='lat' dir='ltr'>refute</span> <span class='ocrx_word' id='word_1_213' title='bbox 1637 2185 1711 2226; x_wconf 90' lang='lat' dir='ltr'>the</span> <span class='ocrx_word' id='word_1_214' title='bbox 1740 2186 1892 2239; x_wconf 84' lang='lat' dir='ltr'>charge</span> <span class='ocrx_word' id='word_1_215' title='bbox 1920 2185 1967 2225; x_wconf 87' lang='lat' dir='ltr'>of</span> 
     </span>
     <span class='ocr_line' id='line_1_25' title="bbox 281 2248 1633 2302; baseline -0.002 -12"><span class='ocrx_word' id='word_1_216' title='bbox 281 2250 427 2290; x_wconf 87' lang='lat' dir='ltr'>attack</span> <span class='ocrx_word' id='word_1_217' title='bbox 446 2262 559 2301; x_wconf 90' lang='lat' dir='ltr'>upon</span> <span class='ocrx_word' id='word_1_218' title='bbox 578 2249 768 2301; x_wconf 90' lang='lat' dir='ltr'>religion,</span> <span class='ocrx_word' id='word_1_219' title='bbox 794 2248 879 2289; x_wconf 85' lang='lat' dir='ltr'>and</span> <span class='ocrx_word' id='word_1_220' title='bbox 899 2249 1126 2302; x_wconf 84' lang='lat' dir='ltr'>especially</span> <span class='ocrx_word' id='word_1_221' title='bbox 1145 2250 1220 2289; x_wconf 91' lang='lat' dir='ltr'>the</span> <span class='ocrx_word' id='word_1_222' title='bbox 1239 2248 1406 2288; x_wconf 88' lang='lat' dir='ltr'>Roman</span> <span class='ocrx_word' id='word_1_223' title='bbox 1425 2248 1633 2300; x_wconf 87' lang='lat' dir='ltr'>religion.’</span> 
     </span>
    </p>
   </div>
   <div class='ocr_carea' id='block_1_4' title="bbox 393 2302 2029 2363">
    <p class='ocr_par' dir='ltr' id='par_1_4' title="bbox 393 2302 2029 2363">
     <span class='ocr_line' id='line_1_26' title="bbox 393 2302 2029 2363; baseline -0.002 -11"><span class='ocrx_word' id='word_1_224' title='bbox 393 2315 455 2352; x_wconf 88' lang='lat' dir='ltr'>ad</span> <span class='ocrx_word' id='word_1_225' title='bbox 488 2314 836 2358; x_wconf 83' lang='lat' dir='ltr'>depellendum.</span> <span class='ocrx_word' id='word_1_226' title='bbox 909 2312 1135 2363; x_wconf 77' lang='lat' dir='ltr'>Depellere</span> <span class='ocrx_word' id='word_1_227' title='bbox 1169 2313 1205 2352; x_wconf 88' lang='lat' dir='ltr'>is</span> <span class='ocrx_word' id='word_1_228' title='bbox 1239 2325 1265 2352; x_wconf 86' lang='lat' dir='ltr'>a</span> <span class='ocrx_word' id='word_1_229' title='bbox 1297 2310 1509 2352; x_wconf 89' lang='lat' dir='ltr'>technical</span> <span class='ocrx_word' id='word_1_230' title='bbox 1541 2311 1731 2363; x_wconf 86' lang='lat' dir='ltr'>military</span> <span class='ocrx_word' id='word_1_231' title='bbox 1759 2313 1869 2350; x_wconf 89' lang='lat' dir='ltr'>term</span> <span class='ocrx_word' id='word_1_232' title='bbox 1900 2310 1964 2350; x_wconf 87' lang='lat' dir='ltr'>for</span> <span class='ocrx_word' id='word_1_233' title='bbox 2027 2302 2029 2304; x_wconf 5' lang='grc' dir='ltr'>μ</span> 
     </span>
    </p>
   </div>
   <div class='ocr_carea' id='block_1_5' title="bbox 283 2372 1966 3306">
    <p class='ocr_par' dir='ltr' id='par_1_5' title="bbox 284 2372 1742 2428">
     <span class='ocr_line' id='line_1_27' title="bbox 284 2372 1742 2428; baseline -0.002 -12"><span class='ocrx_word' id='word_1_234' title='bbox 284 2380 294 2397; x_wconf 93' lang='lat'>‘</span> <span class='ocrx_word' id='word_1_235' title='bbox 310 2376 550 2427; x_wconf 85' lang='lat' dir='ltr'>dislodging</span> <span class='ocrx_word' id='word_1_236' title='bbox 568 2388 624 2414; x_wconf 89' lang='lat' dir='ltr'>an</span> <span class='ocrx_word' id='word_1_237' title='bbox 642 2388 794 2428; x_wconf 83' lang='lat' dir='ltr'>enemy</span> <span class='ocrx_word' id='word_1_238' title='bbox 814 2375 920 2415; x_wconf 90' lang='lat' dir='ltr'>from</span> <span class='ocrx_word' id='word_1_239' title='bbox 941 2375 1009 2415; x_wconf 82' lang='lat' dir='ltr'>his</span> <span class='ocrx_word' id='word_1_240' title='bbox 1028 2375 1213 2428; x_wconf 89' lang='lat' dir='ltr'>position</span> <span class='ocrx_word' id='word_1_241' title='bbox 1225 2372 1236 2391; x_wconf 91' lang='lat'>&#39;</span> <span class='ocrx_word' id='word_1_242' title='bbox 1251 2387 1262 2423; x_wconf 90' lang='grc'><strong>;</strong></span> <span class='ocrx_word' id='word_1_243' title='bbox 1291 2387 1426 2427; x_wconf 89' lang='lat' dir='ltr'>comp.</span> <span class='ocrx_word' id='word_1_244' title='bbox 1445 2374 1511 2414; x_wconf 92' lang='lat' dir='ltr'>ch.</span> <span class='ocrx_word' id='word_1_245' title='bbox 1529 2386 1566 2426; x_wconf 93' lang='lat'>9,</span> <span class='ocrx_word' id='word_1_246' title='bbox 1590 2385 1654 2424; x_wconf 88' lang='lat'>24,</span> <span class='ocrx_word' id='word_1_247' title='bbox 1678 2382 1742 2425; x_wconf 86' lang='lat'>37.</span> 
     </span>
    </p>

    <p class='ocr_par' dir='ltr' id='par_1_6' title="bbox 283 2435 1966 2678">
     <span class='ocr_line' id='line_1_28' title="bbox 395 2435 1961 2493; baseline -0.003 -15"><span class='ocrx_word' id='word_1_248' title='bbox 395 2441 576 2479; x_wconf 83' lang='lat' dir='ltr'>crimen</span> <span class='ocrx_word' id='word_1_249' title='bbox 594 2439 749 2478; x_wconf 86' lang='lat' dir='ltr'>laesae</span> <span class='ocrx_word' id='word_1_250' title='bbox 769 2468 779 2478; x_wconf 98' lang='lat'>.</span> <span class='ocrx_word' id='word_1_251' title='bbox 802 2466 813 2477; x_wconf 88' lang='lat'>.</span> <span class='ocrx_word' id='word_1_252' title='bbox 835 2468 845 2478; x_wconf 91' lang='lat'>.</span> <span class='ocrx_word' id='word_1_253' title='bbox 865 2440 1130 2485; x_wconf 83' lang='lat' dir='ltr'>religionis.</span> <span class='ocrx_word' id='word_1_254' title='bbox 1169 2437 1271 2477; x_wconf 81' lang='lat' dir='ltr'>This</span> <span class='ocrx_word' id='word_1_255' title='bbox 1291 2449 1475 2477; x_wconf 88' lang='lat' dir='ltr'>answers</span> <span class='ocrx_word' id='word_1_256' title='bbox 1495 2440 1540 2476; x_wconf 90' lang='lat' dir='ltr'>to</span> <span class='ocrx_word' id='word_1_257' title='bbox 1559 2436 1633 2475; x_wconf 91' lang='lat' dir='ltr'>the</span> <span class='ocrx_word' id='word_1_258' title='bbox 1652 2437 1716 2475; x_wconf 79' lang='lat' dir='ltr'>rei</span> <span class='ocrx_word' id='word_1_259' title='bbox 1734 2435 1961 2493; x_wconf 69' lang='grc' dir='ltr'>εαονίζεριῖτῑ,</span> 
     </span>
     <span class='ocr_line' id='line_1_29' title="bbox 283 2498 1966 2550; baseline -0.002 -8"><span class='ocrx_word' id='word_1_260' title='bbox 283 2502 349 2543; x_wconf 90' lang='lat' dir='ltr'>ch.</span> <span class='ocrx_word' id='word_1_261' title='bbox 374 2513 439 2549; x_wconf 91' lang='lat'>10,</span> <span class='ocrx_word' id='word_1_262' title='bbox 461 2513 528 2539; x_wconf 87' lang='lat' dir='ltr'>see</span> <span class='ocrx_word' id='word_1_263' title='bbox 547 2505 647 2540; x_wconf 88' lang='lat' dir='ltr'>note</span> <span class='ocrx_word' id='word_1_264' title='bbox 661 2514 672 2549; x_wconf 90' lang='lat'>;</span> <span class='ocrx_word' id='word_1_265' title='bbox 702 2500 788 2540; x_wconf 86' lang='lat' dir='ltr'>and</span> <span class='ocrx_word' id='word_1_266' title='bbox 808 2502 969 2541; x_wconf 74' lang='lat' dir='ltr'>crimen</span> <span class='ocrx_word' id='word_1_267' title='bbox 995 2501 1135 2541; x_wconf 77' lang='lat' dir='ltr'>laesae</span> <span class='ocrx_word' id='word_1_268' title='bbox 1160 2499 1416 2549; x_wconf 76' lang='lat' dir='ltr'>divinitatis,</span> <span class='ocrx_word' id='word_1_269' title='bbox 1436 2499 1523 2538; x_wconf 82' lang='lat' dir='ltr'>and</span> <span class='ocrx_word' id='word_1_270' title='bbox 1549 2498 1726 2550; x_wconf 70' lang='lat' dir='ltr'>eloyium</span> <span class='ocrx_word' id='word_1_271' title='bbox 1751 2498 1966 2550; x_wconf 61' lang='lat' dir='ltr'>iweliyio-</span> 
     </span>
     <span class='ocr_line' id='line_1_30' title="bbox 283 2557 1964 2614; baseline -0.003 -10"><span class='ocrx_word' id='word_1_272' title='bbox 283 2565 430 2604; x_wconf 76' lang='lat' dir='ltr'>sitatis</span> <span class='ocrx_word' id='word_1_273' title='bbox 444 2563 604 2603; x_wconf 89' lang='lat' dir='ltr'>below:</span> <span class='ocrx_word' id='word_1_274' title='bbox 627 2566 832 2604; x_wconf 86' lang='lat' dir='ltr'>maxime</span> <span class='ocrx_word' id='word_1_275' title='bbox 852 2564 1065 2603; x_wconf 87' lang='lat' dir='ltr'>embraces</span> <span class='ocrx_word' id='word_1_276' title='bbox 1084 2562 1187 2603; x_wconf 91' lang='lat' dir='ltr'>both</span> <span class='ocrx_word' id='word_1_277' title='bbox 1207 2562 1281 2602; x_wconf 88' lang='lat' dir='ltr'>the</span> <span class='ocrx_word' id='word_1_278' title='bbox 1300 2561 1473 2614; x_wconf 85' lang='lat' dir='ltr'>general</span> <span class='ocrx_word' id='word_1_279' title='bbox 1492 2560 1646 2614; x_wconf 87' lang='lat' dir='ltr'>charge</span> <span class='ocrx_word' id='word_1_280' title='bbox 1666 2560 1712 2600; x_wconf 84' lang='lat' dir='ltr'>of</span> <span class='ocrx_word' id='word_1_281' title='bbox 1729 2562 1740 2582; x_wconf 91' lang='lat'>‘</span> <span class='ocrx_word' id='word_1_282' title='bbox 1753 2557 1964 2608; x_wconf 85' lang='lat' dir='ltr'>atheism,&#39;</span> 
     </span>
     <span class='ocr_line' id='line_1_31' title="bbox 283 2625 1300 2678; baseline -0.002 -11"><span class='ocrx_word' id='word_1_283' title='bbox 283 2627 370 2667; x_wconf 88' lang='lat' dir='ltr'>and</span> <span class='ocrx_word' id='word_1_284' title='bbox 390 2625 465 2666; x_wconf 90' lang='lat' dir='ltr'>the</span> <span class='ocrx_word' id='word_1_285' title='bbox 485 2626 639 2677; x_wconf 85' lang='lat' dir='ltr'>special</span> <span class='ocrx_word' id='word_1_286' title='bbox 658 2626 825 2678; x_wconf 88' lang='lat' dir='ltr'>neglect</span> <span class='ocrx_word' id='word_1_287' title='bbox 845 2625 891 2665; x_wconf 86' lang='lat' dir='ltr'>of</span> <span class='ocrx_word' id='word_1_288' title='bbox 904 2626 979 2666; x_wconf 89' lang='lat' dir='ltr'>the</span> <span class='ocrx_word' id='word_1_289' title='bbox 999 2626 1164 2665; x_wconf 84' lang='lat' dir='ltr'>Roman</span> <span class='ocrx_word' id='word_1_290' title='bbox 1181 2625 1300 2677; x_wconf 77' lang='lat' dir='ltr'>gods·</span> 
     </span>
    </p>

    <p class='ocr_par' dir='ltr' id='par_1_7' title="bbox 284 2682 1966 2865">
     <span class='ocr_line' id='line_1_32' title="bbox 342 2682 1966 2742; baseline -0.003 -14"><span class='ocrx_word' id='word_1_291' title='bbox 342 2698 379 2742; x_wconf 86' lang='lat'>7.</span> <span class='ocrx_word' id='word_1_292' title='bbox 410 2691 462 2728; x_wconf 91' lang='lat' dir='ltr'>in</span> <span class='ocrx_word' id='word_1_293' title='bbox 478 2701 645 2728; x_wconf 84' lang='lat' dir='ltr'>verum</span> <span class='ocrx_word' id='word_1_294' title='bbox 666 2691 966 2728; x_wconf 85' lang='lat' dir='ltr'>committitis</span> <span class='ocrx_word' id='word_1_295' title='bbox 985 2703 995 2728; x_wconf 71' lang='grc' dir='ltr'><strong>ε</strong></span> <span class='ocrx_word' id='word_1_296' title='bbox 1016 2690 1029 2710; x_wconf 87' lang='lat'>‘</span> <span class='ocrx_word' id='word_1_297' title='bbox 1042 2689 1213 2740; x_wconf 85' lang='lat' dir='ltr'>against</span> <span class='ocrx_word' id='word_1_298' title='bbox 1239 2682 1314 2726; x_wconf 88' lang='lat' dir='ltr'>the</span> <span class='ocrx_word' id='word_1_299' title='bbox 1328 2686 1439 2726; x_wconf 84' lang='lat' dir='ltr'>True</span> <span class='ocrx_word' id='word_1_300' title='bbox 1457 2682 1578 2726; x_wconf 88' lang='lat' dir='ltr'>One.&#39;</span> <span class='ocrx_word' id='word_1_301' title='bbox 1625 2685 1685 2725; x_wconf 89' lang='lat' dir='ltr'>Or</span> <span class='ocrx_word' id='word_1_302' title='bbox 1707 2696 1849 2724; x_wconf 75' lang='lat' dir='ltr'>verum</span> <span class='ocrx_word' id='word_1_303' title='bbox 1866 2696 1966 2736; x_wconf 84' lang='lat' dir='ltr'>may</span> 
     </span>
     <span class='ocr_line' id='line_1_33' title="bbox 284 2745 1964 2803; baseline -0.004 -12"><span class='ocrx_word' id='word_1_304' title='bbox 284 2751 337 2791; x_wconf 93' lang='lat' dir='ltr'>be</span> <span class='ocrx_word' id='word_1_305' title='bbox 366 2752 614 2803; x_wconf 87' lang='lat' dir='ltr'>equivalent</span> <span class='ocrx_word' id='word_1_306' title='bbox 643 2754 689 2790; x_wconf 91' lang='lat' dir='ltr'>to</span> <span class='ocrx_word' id='word_1_307' title='bbox 713 2751 962 2791; x_wconf 73' lang='lat' dir='ltr'>veritatem:</span> <span class='ocrx_word' id='word_1_308' title='bbox 995 2750 1187 2801; x_wconf 84' lang='lat' dir='ltr'>‘against</span> <span class='ocrx_word' id='word_1_309' title='bbox 1209 2749 1284 2789; x_wconf 89' lang='lat' dir='ltr'>the</span> <span class='ocrx_word' id='word_1_310' title='bbox 1310 2747 1432 2788; x_wconf 91' lang='lat' dir='ltr'>truth</span> <span class='ocrx_word' id='word_1_311' title='bbox 1450 2761 1534 2801; x_wconf 90' lang='lat' dir='ltr'>you</span> <span class='ocrx_word' id='word_1_312' title='bbox 1553 2747 1725 2787; x_wconf 89' lang='lat' dir='ltr'>commit</span> <span class='ocrx_word' id='word_1_313' title='bbox 1742 2746 1817 2785; x_wconf 89' lang='lat' dir='ltr'>the</span> <span class='ocrx_word' id='word_1_314' title='bbox 1836 2745 1964 2785; x_wconf 88' lang='lat' dir='ltr'>crime</span> 
     </span>
     <span class='ocr_line' id='line_1_34' title="bbox 287 2810 1548 2865; baseline -0.003 -12"><span class='ocrx_word' id='word_1_315' title='bbox 287 2814 333 2854; x_wconf 84' lang='lat' dir='ltr'>of</span> <span class='ocrx_word' id='word_1_316' title='bbox 346 2815 435 2853; x_wconf 85' lang='lat' dir='ltr'>real</span> <span class='ocrx_word' id='word_1_317' title='bbox 455 2810 682 2865; x_wconf 61' lang='lat' dir='ltr'>sacrilege?</span> <span class='ocrx_word' id='word_1_318' title='bbox 733 2813 790 2852; x_wconf 81' lang='lat' dir='ltr'>In</span> <span class='ocrx_word' id='word_1_319' title='bbox 810 2812 948 2852; x_wconf 77' lang='lat' dir='ltr'>Deum</span> <span class='ocrx_word' id='word_1_320' title='bbox 968 2813 1054 2852; x_wconf 88' lang='lat' dir='ltr'>and</span> <span class='ocrx_word' id='word_1_321' title='bbox 1073 2813 1120 2853; x_wconf 74' lang='lat' dir='ltr'>in</span> <span class='ocrx_word' id='word_1_322' title='bbox 1138 2825 1233 2852; x_wconf 81' lang='lat' dir='ltr'>vero</span> <span class='ocrx_word' id='word_1_323' title='bbox 1253 2824 1324 2850; x_wconf 87' lang='lat' dir='ltr'>are</span> <span class='ocrx_word' id='word_1_324' title='bbox 1343 2823 1431 2850; x_wconf 79' lang='lat' dir='ltr'>var.</span> <span class='ocrx_word' id='word_1_325' title='bbox 1455 2810 1548 2850; x_wconf 80' lang='lat' dir='ltr'>leot.</span> 
     </span>
    </p>

    <p class='ocr_par' dir='ltr' id='par_1_8' title="bbox 285 2870 1965 2992">
     <span class='ocr_line' id='line_1_35' title="bbox 342 2870 1965 2925; baseline -0.004 -10"><span class='ocrx_word' id='word_1_326' title='bbox 342 2876 381 2916; x_wconf 91' lang='lat'>8.</span> <span class='ocrx_word' id='word_1_327' title='bbox 409 2882 464 2917; x_wconf 90' lang='lat' dir='ltr'>ut</span> <span class='ocrx_word' id='word_1_328' title='bbox 491 2880 729 2918; x_wconf 88' lang='lat' dir='ltr'>constaret</span> <span class='ocrx_word' id='word_1_329' title='bbox 758 2878 868 2916; x_wconf 83' lang='lat' dir='ltr'>illos</span> <span class='ocrx_word' id='word_1_330' title='bbox 898 2879 1012 2915; x_wconf 84' lang='lat' dir='ltr'>deos</span> <span class='ocrx_word' id='word_1_331' title='bbox 1041 2887 1174 2915; x_wconf 86' lang='lat' dir='ltr'>esse:</span> <span class='ocrx_word' id='word_1_332' title='bbox 1202 2877 1336 2914; x_wconf 91' lang='lat' dir='ltr'>‘even</span> <span class='ocrx_word' id='word_1_333' title='bbox 1362 2871 1568 2925; x_wconf 86' lang='lat' dir='ltr'>although</span> <span class='ocrx_word' id='word_1_334' title='bbox 1594 2872 1630 2911; x_wconf 92' lang='lat' dir='ltr'>it</span> <span class='ocrx_word' id='word_1_335' title='bbox 1649 2884 1758 2911; x_wconf 85' lang='lat' dir='ltr'>were</span> <span class='ocrx_word' id='word_1_336' title='bbox 1784 2870 1965 2923; x_wconf 86' lang='lat' dir='ltr'>granted</span> 
     </span>
     <span class='ocr_line' id='line_1_36' title="bbox 285 2937 776 2992; baseline -0.002 -13"><span class='ocrx_word' id='word_1_337' title='bbox 285 2939 383 2979; x_wconf 90' lang='lat' dir='ltr'>that</span> <span class='ocrx_word' id='word_1_338' title='bbox 401 2941 504 2992; x_wconf 87' lang='lat' dir='ltr'>they</span> <span class='ocrx_word' id='word_1_339' title='bbox 523 2953 627 2979; x_wconf 84' lang='lat' dir='ltr'>were</span> <span class='ocrx_word' id='word_1_340' title='bbox 645 2937 776 2991; x_wconf 88' lang='lat' dir='ltr'>gods.’</span> 
     </span>
    </p>

    <p class='ocr_par' dir='ltr' id='par_1_9' title="bbox 286 2993 1965 3176">
     <span class='ocr_line' id='line_1_37' title="bbox 346 2993 1963 3052; baseline -0.006 -10"><span class='ocrx_word' id='word_1_341' title='bbox 346 3014 409 3052; x_wconf 81' lang='lat'>13.</span> <span class='ocrx_word' id='word_1_342' title='bbox 438 3007 493 3042; x_wconf 90' lang='lat' dir='ltr'>ut</span> <span class='ocrx_word' id='word_1_343' title='bbox 521 3004 660 3041; x_wconf 79' lang='lat' dir='ltr'>Plato</span> <span class='ocrx_word' id='word_1_344' title='bbox 687 3004 719 3041; x_wconf 81' lang='lat' dir='ltr'><strong>J</strong></span> <span class='ocrx_word' id='word_1_345' title='bbox 722 3013 873 3041; x_wconf 85' lang='lat' dir='ltr'>ovem.</span> <span class='ocrx_word' id='word_1_346' title='bbox 926 2999 1108 3040; x_wconf 73' lang='lat' dir='ltr'>Phaedr.</span> <span class='ocrx_word' id='word_1_347' title='bbox 1123 2997 1189 3051; x_wconf 86' lang='lat'>56,</span> <span class='ocrx_word' id='word_1_348' title='bbox 1204 2998 1225 3037; x_wconf 85' lang='grc' dir='ltr'>ὁ</span> <span class='ocrx_word' id='word_1_349' title='bbox 1245 2997 1322 3048; x_wconf 83' lang='grc' dir='ltr'>μὲν</span> <span class='ocrx_word' id='word_1_350' title='bbox 1344 2997 1393 3049; x_wconf 86' lang='grc' dir='ltr'>δὴ</span> <span class='ocrx_word' id='word_1_351' title='bbox 1415 2995 1544 3049; x_wconf 80' lang='grc' dir='ltr'>μέγας</span> <span class='ocrx_word' id='word_1_352' title='bbox 1564 2993 1729 3048; x_wconf 79' lang='grc' dir='ltr'>ἡγεμὼν</span> <span class='ocrx_word' id='word_1_353' title='bbox 1747 2994 1792 3034; x_wconf 79' lang='grc' dir='ltr'>ἐν</span> <span class='ocrx_word' id='word_1_354' title='bbox 1810 2994 1963 3045; x_wconf 79' lang='grc' dir='ltr'>οὐρανῷ</span> 
     </span>
     <span class='ocr_line' id='line_1_38' title="bbox 286 3056 1965 3115; baseline -0.004 -14"><span class='ocrx_word' id='word_1_355' title='bbox 286 3062 381 3103; x_wconf 80' lang='grc' dir='ltr'>Ζεὺς</span> <span class='ocrx_word' id='word_1_356' title='bbox 400 3062 579 3103; x_wconf 81' lang='grc' dir='ltr'>ἐλαύνων</span> <span class='ocrx_word' id='word_1_357' title='bbox 593 3060 748 3115; x_wconf 85' lang='grc' dir='ltr'>πτηνὸν</span> <span class='ocrx_word' id='word_1_358' title='bbox 760 3061 866 3114; x_wconf 82' lang='grc' dir='ltr'>ἅρμα</span> <span class='ocrx_word' id='word_1_359' title='bbox 883 3061 1036 3114; x_wconf 52' lang='lat' dir='ltr'>apim-05</span> <span class='ocrx_word' id='word_1_360' title='bbox 1053 3060 1261 3113; x_wconf 85' lang='grc' dir='ltr'>πορεύεται</span> <span class='ocrx_word' id='word_1_361' title='bbox 1283 3060 1511 3110; x_wconf 78' lang='grc' dir='ltr'>διακοσμῶν</span> <span class='ocrx_word' id='word_1_362' title='bbox 1524 3057 1654 3099; x_wconf 81' lang='grc' dir='ltr'>πάντα</span> <span class='ocrx_word' id='word_1_363' title='bbox 1672 3056 1737 3098; x_wconf 78' lang='grc' dir='ltr'>καὶ</span> <span class='ocrx_word' id='word_1_364' title='bbox 1757 3056 1965 3107; x_wconf 80' lang='grc' dir='ltr'>ἐπιμελού-</span> 
     </span>
     <span class='ocr_line' id='line_1_39' title="bbox 286 3121 1416 3176; baseline -0.002 -13"><span class='ocrx_word' id='word_1_365' title='bbox 286 3138 418 3176; x_wconf 79' lang='grc' dir='ltr'>μενος·</span> <span class='ocrx_word' id='word_1_366' title='bbox 448 3126 506 3176; x_wconf 79' lang='grc' dir='ltr'>τῷ</span> <span class='ocrx_word' id='word_1_367' title='bbox 529 3123 560 3163; x_wconf 82' lang='grc' dir='ltr'>δ’</span> <span class='ocrx_word' id='word_1_368' title='bbox 583 3124 720 3165; x_wconf 78' lang='grc' dir='ltr'>ἕπεται</span> <span class='ocrx_word' id='word_1_369' title='bbox 742 3122 915 3176; x_wconf 84' lang='grc' dir='ltr'>στρατιὰ</span> <span class='ocrx_word' id='word_1_370' title='bbox 933 3123 1032 3163; x_wconf 81' lang='grc' dir='ltr'>θεῶν</span> <span class='ocrx_word' id='word_1_371' title='bbox 1052 3137 1098 3162; x_wconf 85' lang='grc' dir='ltr'>τε</span> <span class='ocrx_word' id='word_1_372' title='bbox 1118 3121 1184 3162; x_wconf 75' lang='grc' dir='ltr'>καὶ</span> <span class='ocrx_word' id='word_1_373' title='bbox 1203 3122 1416 3172; x_wconf 84' lang='grc' dir='ltr'>δαιμόνων.</span> 
     </span>
    </p>

    <p class='ocr_par' dir='ltr' id='par_1_10' title="bbox 349 3184 1442 3239">
     <span class='ocr_line' id='line_1_40' title="bbox 349 3184 1442 3239; baseline -0.001 -13"><span class='ocrx_word' id='word_1_374' title='bbox 349 3186 411 3229; x_wconf 87' lang='lat'>16.</span> <span class='ocrx_word' id='word_1_375' title='bbox 443 3189 621 3234; x_wconf 82' lang='lat' dir='ltr'>suspici</span> <span class='ocrx_word' id='word_1_376' title='bbox 638 3202 648 3227; x_wconf 74' lang='lat' dir='ltr'><em>z</em></span> <span class='ocrx_word' id='word_1_377' title='bbox 678 3189 690 3210; x_wconf 89' lang='lat'>‘</span> <span class='ocrx_word' id='word_1_378' title='bbox 703 3187 854 3227; x_wconf 88' lang='lat' dir='ltr'>looked</span> <span class='ocrx_word' id='word_1_379' title='bbox 873 3200 930 3239; x_wconf 87' lang='lat' dir='ltr'>up</span> <span class='ocrx_word' id='word_1_380' title='bbox 949 3190 994 3226; x_wconf 90' lang='lat' dir='ltr'>to</span> <span class='ocrx_word' id='word_1_381' title='bbox 1008 3184 1044 3236; x_wconf 74' lang='grc' dir='ltr'>’ς</span> <span class='ocrx_word' id='word_1_382' title='bbox 1074 3198 1141 3226; x_wconf 89' lang='lat' dir='ltr'>see</span> <span class='ocrx_word' id='word_1_383' title='bbox 1160 3190 1272 3231; x_wconf 89' lang='lat' dir='ltr'>note,</span> <span class='ocrx_word' id='word_1_384' title='bbox 1293 3185 1358 3225; x_wconf 91' lang='lat' dir='ltr'>ch.</span> <span class='ocrx_word' id='word_1_385' title='bbox 1378 3185 1442 3225; x_wconf 92' lang='lat'>18.</span> 
     </span>
    </p>

    <p class='ocr_par' dir='ltr' id='par_1_11' title="bbox 346 3245 1964 3306">
     <span class='ocr_line' id='line_1_41' title="bbox 346 3245 1964 3306; baseline -0.005 -13"><span class='ocrx_word' id='word_1_386' title='bbox 346 3264 409 3293; x_wconf 88' lang='lat'>22.</span> <span class='ocrx_word' id='word_1_387' title='bbox 440 3255 482 3292; x_wconf 89' lang='lat' dir='ltr'>si</span> <span class='ocrx_word' id='word_1_388' title='bbox 501 3256 590 3294; x_wconf 87' lang='lat' dir='ltr'>hoc</span> <span class='ocrx_word' id='word_1_389' title='bbox 609 3254 806 3304; x_wconf 84' lang='lat' dir='ltr'>putatis,</span> <span class='ocrx_word' id='word_1_390' title='bbox 821 3252 851 3291; x_wconf 74' lang='lat' dir='ltr'>i.</span> <span class='ocrx_word' id='word_1_391' title='bbox 862 3265 894 3293; x_wconf 89' lang='lat' dir='ltr'>e.</span> <span class='ocrx_word' id='word_1_392' title='bbox 913 3251 948 3291; x_wconf 79' lang='lat' dir='ltr'>if</span> <span class='ocrx_word' id='word_1_393' title='bbox 959 3265 1041 3306; x_wconf 91' lang='lat' dir='ltr'>you</span> <span class='ocrx_word' id='word_1_394' title='bbox 1057 3264 1102 3291; x_wconf 88' lang='lat' dir='ltr'>so</span> <span class='ocrx_word' id='word_1_395' title='bbox 1115 3248 1460 3290; x_wconf 87' lang='lat' dir='ltr'>misunderstand</span> <span class='ocrx_word' id='word_1_396' title='bbox 1474 3247 1547 3289; x_wconf 90' lang='lat' dir='ltr'>the</span> <span class='ocrx_word' id='word_1_397' title='bbox 1561 3251 1731 3301; x_wconf 86' lang='lat' dir='ltr'>posture</span> <span class='ocrx_word' id='word_1_398' title='bbox 1747 3245 1793 3287; x_wconf 82' lang='lat' dir='ltr'>of</span> <span class='ocrx_word' id='word_1_399' title='bbox 1803 3259 1882 3287; x_wconf 87' lang='lat' dir='ltr'>one</span> <span class='ocrx_word' id='word_1_400' title='bbox 1895 3258 1964 3285; x_wconf 89' lang='lat' dir='ltr'>en-</span> 
     </span>
    </p>
   </div>
  </div>
 </body>
</html>
