2124 3554
233 238 530 291 CAr.XXI.X.]
604 230 866 283 adversus
908 229 1102 282 Gentes
1128 238 1234 297 pro
1279 229 1623 283 Christianis,
1796 245 1891 280 101

232 373 528 436 augustioris
567 371 845 436 majestatis,
889 372 1127 436 siquidem
1168 372 1344 435 majore
1380 371 1638 419 formidine
1675 376 1724 420 et
1763 373 1896 420 calli-

232 455 366 503 diore
389 455 659 504 timiditate
680 455 935 504 Caesarem
959 454 1243 513 observatis,
1262 471 1406 517 quam
1429 453 1592 517 ipsum
1610 454 1669 501 de
1689 454 1898 517 Olympo

234 537 265 584 J
270 554 423 597 ovem,
449 543 498 586 et
534 537 705 586 merito
742 537 782 589 si
819 536 998 606 sciatis.
1071 535 1195 597 Quis
1232 536 1359 584 enim
1395 553 1456 584 ex
1488 535 1768 585 viventibus
1803 553 1900 583 non

233 619 451 682 quolibet
474 623 666 668 mortuo
689 623 776 668 tuo
803 619 995 683 potiori
1070 618 1166 667 Sed
1190 635 1276 666 nec
1302 618 1390 666 hoc
1414 636 1498 667 vos
1527 619 1717 667 ratione
1740 618 1901 667 facitis

232 701 396 766 potius
419 718 563 763 quam
585 704 808 765 respectu
831 705 1202 764 praesentaneae
1226 701 1493 764 potestatis,
1513 701 1631 748 adeo
1655 705 1705 748 et
1728 700 1781 747 in
1804 700 1900 748 isto
1917 716 1938 755 5

234 782 494 845 irreligiosi
517 800 631 846 erga
654 783 768 831 deos
791 787 979 831 vestros
1003 782 1442 846 deprehendimini,
1461 782 1548 846 qui
1571 782 1684 846 plus
1708 782 1900 831 timoris

235 866 445 913 humano
469 865 681 913 dominio
699 864 887 914 dicatis,
940 863 1106 912 Citius
1129 864 1338 928 denique
1363 866 1495 928 apud
1519 882 1603 913 vos
1627 882 1715 928 per
1734 881 1901 913 omnes

235 946 361 1005 deos,
387 963 533 1009 quam
557 964 645 1010 per
667 964 817 1005 unum
841 947 1037 1010 genium
1061 946 1283 995 Caesaris
1306 948 1567 1010 pejeratur.

846 1112 1074 1162 CAPUT
1111 1114 1293 1163 XXIX.

306 1225 540 1273 CONSTE'r
575 1224 730 1288 igitur
763 1224 912 1288 prius,
940 1224 980 1272 si
1016 1223 1116 1282 isti,
1143 1225 1322 1288 quibus
1353 1225 1667 1282 sacrificatur,
1694 1226 1900 1274 salutem
1923 1244 1970 1271 10

236 1308 520 1371 imperatori
543 1308 620 1356 vel
645 1306 846 1356 cuilibet
879 1307 1063 1355 homini
1098 1307 1342 1372 impertiri
1378 1314 1597 1372 possunt,
1624 1314 1673 1358 et
1709 1309 1779 1357 ita
1815 1327 1903 1357 nos

237 1389 427 1438 crimini
451 1389 675 1438 addicite.
747 1388 801 1438 Si
825 1389 986 1452 angeli
1011 1394 1097 1437 aut
1121 1390 1389 1448 daemones,
1406 1390 1682 1439 substantia
1706 1391 1903 1454 pessimi

237 1471 454 1535 spiritus,
478 1471 762 1520 beneficium
786 1471 984 1535 aliquod
1009 1477 1288 1535 operantur,
1315 1472 1357 1520 si
1392 1473 1574 1535 perditi
1599 1478 1901 1531 conservant,

236 1554 277 1602 si
312 1553 527 1602 damnati
560 1554 783 1613 liberant,
815 1553 852 1602 si
892 1554 1101 1618 denique
1137 1553 1288 1618 (quod
1324 1555 1378 1601 in
1413 1555 1709 1603 conscientia
1742 1561 1905 1604 vestra

237 1634 329 1703 est)
353 1636 534 1684 mortui
558 1635 695 1684 vivos
718 1641 948 1686 tuentur:
980 1638 1083 1700 jam
1107 1638 1279 1700 utique
1312 1654 1422 1686 suas
1453 1638 1611 1700 primo
1642 1642 1831 1686 statuas
1854 1643 1904 1686 et
1924 1654 1970 1694 15

236 1718 470 1782 imagines
501 1723 551 1766 et
586 1719 727 1766 aedes
758 1723 1028 1779 tuerentur,
1057 1737 1194 1782 quae,
1222 1720 1393 1782 opinor
1426 1719 1687 1767 Caesarum
1723 1721 1904 1769 milites

296 1825 330 1853 1.
359 1816 602 1854 callidiore
641 1816 929 1854 timiditate:
971 1814 1099 1855 ‘with
1129 1829 1154 1854 a
1181 1828 1294 1855 more
1322 1815 1577 1867 calculating
1606 1815 1854 1856 fearfulness
1869 1815 1904 1865 ’3

237 1889 368 1928 comp.
387 1877 446 1916 ad
475 1877 522 1916 N
523 1878 581 1916 at.
605 1877 631 1916 i.
658 1885 721 1928 17,
742 1877 950 1917 ‘secunda
975 1878 1124 1929 religio
1148 1877 1421 1917 constituitur
1449 1877 1727 1917 Caesarianae
1753 1880 1904 1931 majes-

237 1938 339 1977 tatis
352 1935 387 1986 ’ς
416 1938 525 1977 Min.
545 1938 636 1979 Fel.
661 1950 723 1990 29.
781 1939 881 1980 God.
902 1939 1026 1978 Fuld.
1048 1940 1170 1978 reads
1191 1940 1408 1980 calidiore.

296 2010 331 2038 2.
362 2002 419 2038 de
440 2002 638 2046 olympo
658 2002 689 2039 J
691 2012 838 2040 ovem.
896 2000 958 2040 Sc.
982 2003 1200 2051 regentem.

295 2071 330 2109 3.
364 2065 412 2100 et
430 2063 598 2101 merito
619 2063 660 2099 si
680 2063 841 2101 sciatis
859 2076 869 2101 ε
898 2067 908 2083 ⁶
923 2061 1007 2101 and
1026 2062 1187 2114 rightly
1205 2065 1288 2108 too,
1307 2061 1344 2100 if
1359 2075 1441 2112 you
1462 2061 1561 2114 only
1579 2061 1705 2102 knew
1724 2060 1790 2102 it.’

295 2133 331 2173 5.
364 2127 754 2169 praesentaneae:
793 2122 862 2161 ‘of
887 2124 1012 2174 quick
1039 2122 1285 2171 execution,’
1311 2124 1432 2162 ‘that
1461 2128 1648 2174 operates
1678 2122 1900 2176 quickly'3

240 2184 341 2223 used
361 2183 405 2222 of
419 2184 565 2235 poison
581 2185 639 2235 by
658 2184 768 2223 Plin,
789 2184 845 2224 N.
864 2185 925 2224 H.
946 2186 1057 2223 xxiv,
1081 2196 1097 2223 1
1118 2198 1128 2232 ;
1158 2184 1203 2223 of
1219 2198 1244 2224 a
1262 2185 1445 2237 remedy,
1467 2185 1526 2224 id.
1551 2185 1606 2225 ib.
1630 2197 1693 2234 21,
1713 2196 1778 2234 31,
1800 2197 1873 2236 105
1892 2199 1900 2232 ;

237 2259 365 2297 comp.
385 2245 553 2285 Sueton.
577 2246 689 2285 Nero
711 2257 773 2295 33.
826 2246 1218 2297 &praesentaneae
1236 2247 1273 2285 is
1296 2260 1321 2285 a
1340 2259 1430 2286 var.
1453 2246 1553 2294 lect„
1574 2247 1658 2285 and
1677 2247 1899 2299 according

238 2311 283 2346 to
302 2306 375 2346 the
397 2306 661 2346 dictionaries
683 2306 823 2346 would
849 2307 900 2346 be
919 2320 944 2345 a
962 2305 1064 2356 ἅπαξ
1083 2312 1193 2357 λεγ.,
1225 2309 1235 2328 ‘
1250 2311 1324 2347 out
1352 2307 1399 2346 of
1419 2307 1571 2359 regard
1595 2307 1660 2347 for
1688 2322 1714 2348 a
1732 2313 1900 2360 present

238 2367 400 2421 power'
417 2381 427 2416 ;
455 2381 522 2408 see
540 2372 653 2415 note,
672 2369 736 2407 ch.
761 2375 823 2420 17.

296 2430 333 2471 8.
363 2431 609 2476 pejeratur.
655 2429 870 2483 ,Pejeratio
883 2443 962 2482 per
977 2431 1145 2482 genium
1164 2430 1365 2471 Caesaris
1383 2443 1468 2470 was
1488 2444 1513 2470 a
1532 2431 1726 2470 criminal
1745 2431 1902 2471 offence

241 2493 488 2544 punishable
506 2493 564 2545 by
581 2494 775 2545 beating3
799 2494 1010 2546 pejeratio
1029 2507 1102 2544 per
1120 2495 1215 2533 deos
1235 2507 1320 2533 was
1340 2494 1640 2544 unrecognized
1660 2494 1717 2547 by
1735 2494 1902 2533 Roman

240 2554 336 2595 law,
394 2553 471 2593 See
499 2567 524 2593 a
550 2554 625 2593 list
653 2554 699 2593 of
722 2554 972 2606 punishable
1001 2555 1178 2594 offences
1206 2556 1371 2606 against
1393 2555 1466 2594 the
1494 2555 1643 2595 deified
1667 2556 1903 2608 Augustus,

241 2617 410 2657 Sueton.
436 2617 525 2658 Tib.
546 2618 610 2669 58.
663 2618 729 2657 On
749 2618 954 2670 swearing
972 2619 1029 2671 by
1048 2618 1121 2658 the
1140 2619 1287 2670 genius
1307 2618 1353 2657 of
1367 2618 1440 2658 the
1462 2632 1660 2670 emperor,
1682 2633 1750 2660 see
1769 2625 1900 2669 notes,

241 2678 303 2718 ch.
329 2691 368 2731 9,
391 2689 455 2728 32.

299 2752 360 2779 10.
392 2743 584 2780 Constet
603 2742 748 2788 igitur
765 2743 912 2788 prius,
932 2743 974 2781 si
985 2743 1172 2781 :utrum
1191 2755 1326 2789 necne,
1349 2743 1359 2763 ‘
1374 2741 1564 2781 whether
1582 2756 1629 2781 or
1646 2756 1701 2782 no
1720 2743 1840 2783 those
1859 2749 1904 2783 to

243 2802 378 2841 whom
397 2833 406 2841 .
428 2832 438 2842 .
463 2831 473 2840 .
498 2815 508 2850 ;
536 2802 620 2842 and
639 2815 683 2841 so
702 2803 747 2841 in
764 2802 849 2842 this
867 2816 962 2855 way
982 2803 1041 2855 (et
1059 2804 1144 2853 ita)
1164 2817 1401 2855 pronounce
1419 2816 1467 2843 us
1486 2803 1651 2856 guilty.’

300 2874 317 2901 1
327 2874 360 2902 2.
393 2865 658 2902 substantia
664 2866 858 2910 pessimi
869 2866 1083 2910 spiritus:
1106 2868 1115 2886 ‘
1131 2865 1284 2916 spirits,
1304 2865 1349 2903 in
1364 2877 1528 2904 essence
1543 2868 1652 2904 most
1667 2865 1901 2916 depraved.'

300 2936 360 2975 13.
394 2927 435 2963 si
464 2927 640 2970 perditi
673 2929 962 2965 conservant.
1019 2926 1161 2977 Gomp.
1190 2925 1239 2965 de
1263 2926 1362 2965 cult.
1382 2927 1491 2977 fem.
1516 2926 1543 2965 i.
1564 2937 1611 2974 23
1640 2926 1680 2966 S.
1705 2927 1827 2980 Cypr.
1852 2928 1903 2966 de

241 2985 340 3026 idol.
365 2999 459 3024 van.
485 2997 519 3034 1,
541 2985 606 3025 for
625 2986 828 3038 similarly
847 2987 1111 3026 constructed
1131 2987 1355 3026 antithetic
1375 2991 1601 3027 sentences.

300 3045 361 3086 16.
395 3049 643 3087 Caesarum
660 3049 836 3087 milites
850 3051 1071 3088 excubiis.
1110 3048 1252 3100 Comp.
1268 3048 1320 3088 de
1336 3062 1470 3089 coron.
1488 3059 1505 3086 1
1517 3059 1553 3098 1,
1567 3050 1577 3069 ‘
1593 3049 1814 3089 excubabit
1828 3063 1903 3101 pro

243 3108 409 3160 templis
435 3109 587 3160 quibus
613 3107 926 3149 renuntiavit’?
980 3109 1070 3149 The
1094 3110 1271 3161 temples
1290 3123 1399 3149 were
1427 3110 1531 3149 used
1557 3123 1602 3150 as
1632 3111 1902 3162 depositories

244 3170 291 3210 of
304 3170 468 3221 private
486 3171 704 3210 valuables
730 3184 776 3210 as
795 3170 891 3210 well
920 3184 965 3211 as
995 3171 1041 3210 of
1062 3171 1207 3211 sacred
1233 3175 1456 3221 treasums,
1477 3172 1562 3211 and
1581 3185 1689 3211 were
1714 3172 1902 3224 guarded

243 3231 301 3283 by
313 3231 495 3271 soldiers.
541 3232 683 3284 Comp.
698 3232 857 3272 Arnob.
872 3232 926 3271 vi.
943 3243 989 3272 21
1009 3246 1019 3282 ;
1045 3234 1075 3273 J
1081 3246 1148 3272 uv.
1165 3233 1248 3272 xiv.
1265 3232 1338 3272 261
1356 3246 1367 3282 ;
1399 3233 1439 3273 S.
1454 3233 1577 3285 Cypr.
1591 3233 1648 3273 ad
1666 3233 1849 3273 Demetr.
1866 3244 1902 3283 3.
