2124 3554
209 269 281 326 54
682 257 1020 310 Tertulliani
1054 256 1106 308 A
1101 257 1432 325 polegetz‘cus
1660 264 1779 318 [οη.
1797 270 1891 309 XV.

207 402 593 452 meridianorum
623 403 941 452 crudelitates
965 401 1271 451 Mercurium
1298 408 1515 451 mortuos
1543 404 1760 453 cauterio
1785 420 1892 453 exa-

207 485 491 536 minantem.
564 486 791 536 Vidimus
815 490 864 535 et
887 486 920 534 J
924 485 1028 535 ovis
1063 487 1266 534 fratrem
1297 485 1625 550 gladiatorum
1658 487 1896 536 cadavera

209 587 321 619 cum
344 571 521 619 malleo
539 570 873 619 deducentem.
931 568 1134 633 Singula
1157 568 1253 618 ista
1273 586 1491 633 quaeque
1515 570 1672 619 adhuc
1696 570 1893 619 investi·
1959 598 1962 600 v

209 670 327 718 gare
353 653 462 718 quis
485 653 640 717 possit
660 654 677 701 2
715 652 770 703 Si
787 653 1023 701 honorem
1040 653 1324 716 inquietant
1344 652 1635 714 divinitatis,
1662 653 1704 703 si
1722 655 1896 716 majes-

170 752 193 793 5
209 737 332 786 tatis
348 736 558 801 vestigia
582 736 873 796 obsoletant,
900 737 959 785 de
984 740 1270 800 contemptu
1293 735 1467 799 utique
1493 741 1765 797 censentur,
1792 742 1896 785 tam

209 837 378 869 eorum
402 820 488 884 qui
513 819 752 883 ejusmodi
774 819 1021 880 factitant,
1051 836 1198 883 quam
1222 836 1392 867 eorum
1417 819 1595 883 quibus
1618 820 1862 869 factitant.

281 902 380 952 Sed
414 903 606 951 ludicra
651 902 749 952 ista
786 908 916 952 sunt.
988 902 1224 952 Ceterum
1266 902 1309 951 si
1346 902 1590 965 adjiciam,
1633 920 1758 967 quae
1799 919 1897 951 non

210 987 372 1035 minus
397 987 720 1036 conscientiae
740 987 957 1036 omnium
981 990 1341 1050 recognoscent,
1357 986 1411 1033 in
1433 986 1629 1050 templis
1653 985 1899 1035 adulteria

211 1070 450 1134 componi,
492 1071 623 1119 inter
663 1087 774 1119 aras
814 1069 1056 1119 lenocinia
1096 1069 1319 1129 tractari,
1356 1068 1410 1116 in
1451 1068 1569 1133 ipsis
1607 1069 1898 1134 plerumque

146 1175 196 1203 10
211 1153 524 1202 aedituorum
558 1158 610 1202 et
645 1153 953 1202 sacerdotum
987 1152 1332 1212 tabernaculis,
1360 1152 1452 1200 sub
1483 1152 1657 1201 iisdem
1679 1152 1819 1202 vittis
1847 1155 1899 1200 et

211 1236 434 1300 apicibus
478 1240 529 1285 et
574 1236 825 1301 purpuris,
874 1242 987 1285 ture
1045 1236 1286 1302 flagrante
1336 1235 1594 1284 libidinem
1645 1235 1896 1301 expungi:

212 1319 391 1380 nescio,
415 1319 593 1383 plusne
627 1320 688 1368 de
711 1319 849 1369 vobis
885 1319 958 1368 dii
980 1320 1147 1380 vestri,
1172 1336 1319 1382 quam
1355 1318 1414 1367 de
1452 1318 1747 1368 Christianis
1782 1335 1899 1382 que-

210 1407 397 1452 rantur.
469 1403 616 1452 Certe
653 1403 878 1466 sacrilegi
913 1403 974 1452 de
1011 1403 1187 1452 vestris
1222 1420 1410 1467 semper
1447 1402 1899 1466 apprehenduntur.

211 1486 486 1537 Christiani
531 1486 663 1536 enim
708 1487 894 1551 templa
939 1503 1029 1536 nec
1081 1487 1300 1536 interdiu
1350 1491 1569 1546 norunt3
1630 1485 1900 1550 spoliarent

146 1589 193 1629 15
212 1570 420 1618 forsitan
445 1587 502 1618 ea
525 1573 575 1619 et
598 1569 709 1633 ipsi,
736 1569 778 1618 si
802 1574 852 1619 et
875 1569 972 1634 ipsi
995 1587 1052 1619 ea
1075 1571 1347 1619 adorarent.
1421 1570 1556 1632 Quid
1579 1587 1693 1634 ergo
1718 1570 1898 1629 colunt,

213 1653 300 1718 qui
334 1652 457 1701 talia
492 1670 591 1701 non
627 1654 829 1702 colunt?
899 1641 932 1702 J
935 1670 1014 1701 am
1049 1653 1250 1717 quidem
1284 1653 1498 1718 intelligi
1535 1654 1754 1716 subjacet
1776 1653 1898 1703 veri-

211 1737 330 1786 tatis
366 1754 471 1786 esse
507 1737 736 1797 cultores,
767 1736 854 1801 qui
890 1737 1134 1785 mendacii
1168 1754 1267 1786 non
1304 1737 1434 1787 sint:
1473 1755 1561 1786 nec
1596 1753 1763 1785 errare
1799 1753 1900 1786 am-

270 1865 305 1895 1.
338 1856 727 1895 meridianorum.
787 1853 853 1895 Sc.
885 1854 1182 1907 gladiatorum
1194 1872 1211 1903 ;
1255 1870 1317 1908 cp.
1358 1855 1516 1896 Seneca
1546 1855 1667 1907 Epp.
1705 1863 1741 1908 7.
1810 1854 1902 1894 The

211 1917 479 1957 combatants
498 1917 594 1958 who
620 1916 825 1957 survived
850 1917 925 1958 the
950 1918 1186 1971 morning’s
1213 1922 1445 1959 encounter
1469 1918 1621 1970 fought
1644 1921 1690 1958 at
1714 1930 1828 1958 noon
1855 1922 1902 1957 to

211 1979 287 2020 the
307 1979 453 2019 death.

324 2044 561 2083 cauterio:
600 2042 612 2063 ‘
629 2055 655 2081 a
673 2041 1023 2095 branding-iron’
1038 2056 1050 2093 ;
1088 2044 1169 2084 but
1187 2043 1429 2084 Tertullian
1455 2057 1551 2084 uses
1570 2044 1607 2083 it
1627 2043 1720 2084 adv.
1745 2042 1896 2083 Herm.

219 2117 256 2154 1,
274 2104 320 2145 of
335 2106 411 2145 the
429 2105 691 2145 instrument
707 2105 930 2159 employed
944 2109 990 2146 to
1009 2106 1123 2146 burn
1137 2107 1184 2146 in
1202 2107 1277 2146 the
1291 2120 1386 2146 wax
1403 2107 1450 2146 in
1463 2106 1678 2147 encaustic
1690 2106 1901 2159 painting‚

215 2168 318 2207 such
336 2181 383 2207 as
403 2168 440 2207 is
460 2167 679 2207 described
697 2168 754 2221 by
774 2167 1005 2208 Vitruvius
1024 2169 1098 2209 vii.
1119 2180 1170 2222 91
1187 2182 1198 2219 3
1228 2169 1339 2209 Plin.
1359 2182 1487 2209 xxxv.
1515 2181 1550 2208 2.

274 2242 309 2270 2.
341 2233 373 2270 J
376 2232 480 2269 ovis
500 2232 709 2270 fratrem.
766 2229 910 2271 Pluto.

272 2303 309 2344 5.
348 2295 632 2333 obsoletant.
690 2293 732 2332 A
766 2293 884 2333 word
914 2294 1107 2335 confined
1139 2298 1186 2335 to
1218 2294 1413 2347 pati-istic
1443 2293 1650 2346 latinity:
1693 2293 1729 2333 it
1761 2306 1903 2334 recurs

215 2353 362 2408 Scorp.
377 2355 414 2402 6,
430 2357 440 2376 ‘
453 2356 529 2408 qui
549 2355 756 2395 vestitum
776 2356 1083 2397 obsoletassent
1103 2355 1369 2410 nuptialem.’
1421 2357 1512 2397 The
1529 2356 1709 2410 parallel
1728 2369 1904 2409 passage

216 2419 274 2458 ad
292 2418 399 2458 Nat.
425 2418 452 2458 i.
480 2429 532 2459 10
551 2418 676 2458 reads
697 2422 707 2439 ‘
722 2418 759 2458 si
777 2419 1016 2472 majestatis
1035 2420 1258 2473 fastigium
1277 2417 1502 2460 adsolant!

276 2492 339 2519 10.
368 2483 702 2522 tabernaculis.
760 2481 815 2521 In
842 2482 1055 2523 technical
1084 2483 1202 2536 relig.
1223 2482 1508 2535 terminology
1526 2482 1895 2522 tabernaculum=

216 2544 291 2583 the
312 2545 458 2584 sacred
476 2548 573 2585 tent
593 2544 768 2597 pitched
788 2545 955 2586 outside
974 2546 1049 2586 the
1063 2546 1155 2599 city
1167 2545 1340 2586 whence
1354 2546 1430 2586 the
1445 2545 1635 2598 auspices
1646 2559 1757 2585 were
1770 2545 1902 2585 taken

215 2606 414 2658 previous
433 2610 482 2658 to*
498 2607 573 2647 the
593 2607 808 2648 elections.

276 2681 341 2711 11.
371 2673 627 2711 libidinem
646 2672 867 2718 expungi.
926 2671 1005 2712 See
1024 2675 1137 2721 note,
1157 2671 1222 2712 ch.
1251 2683 1300 2720 2;
1328 2685 1390 2724 cp.
1415 2671 1587 2712 Sueton.
1611 2670 1703 2714 Tib.
1725 2683 1798 2723 44..

276 2744 339 2783 13.
375 2735 512 2773 Certe
533 2736 755 2781 sacrilegi
782 2737 842 2774 de
861 2737 1048 2775 vestris.
1110 2735 1185 2787 Cp.
1206 2735 1266 2774 ad
1287 2734 1416 2786 Scap.
1439 2746 1477 2784 2,
1497 2740 1507 2756 ‘
1522 2735 1684 2774 Tamen
1702 2746 1779 2774 nos
1799 2747 1904 2786 quos

218 2796 442 2848 sacrilegos
468 2797 735 2846 existimatis,
761 2810 839 2837 nec
867 2797 914 2836 in
938 2797 1051 2837 furto
1077 2811 1265 2850 unquam
1293 2797 1643 2850 deprehendistis,
1669 2797 1827 2837 nedum
1855 2796 1901 2838 in

219 2858 449 2909 sacrilegio.
509 2859 664 2899 Omnes
694 2863 838 2898 autem
866 2859 940 2911 qui
969 2859 1130 2911 templa
1158 2859 1411 2912 despoliant,
1443 2863 1486 2899 et
1513 2873 1588 2911 per
1615 2859 1713 2899 deos
1740 2860 1903 2911 jurant,

219 2924 263 2959 et
292 2920 462 2959 eosdem
489 2921 651 2971 colunt,
682 2925 726 2961 et
759 2921 992 2962 Christiani
1023 2935 1110 2961 non
1144 2926 1257 2971 sunt,
1290 2926 1336 2962 et
1363 2921 1558 2974 sacrilegi
1584 2924 1732 2961 tamen
1760 2920 1905 2973 depre-

219 2980 499 3022 henduntur.'

280 3054 343 3094 14.
378 3046 640 3085 Christiani
671 3047 966 3092 templaAnec
996 3048 1211 3086 interdiu
1239 3048 1430 3086 norunt.
1505 3045 1579 3097 Cp.
1606 3044 1671 3084 ch.
1701 3052 1767 3096 37,
1788 3045 1799 3066 ‘
1814 3044 1904 3084 sola

222 3105 343 3145 vobis
362 3106 611 3157 reliquimus
630 3105 818 3159 templa.'

280 3165 343 3207 16.
377 3170 588 3215 intelligi
609 3171 834 3216 subjacet.
882 3168 927 3207 A
945 3168 1033 3209 late
1052 3168 1181 3209 Latin
1200 3181 1289 3219 use,
1309 3169 1368 3208 ‘it
1387 3168 1465 3208 lies
1478 3168 1637 3210 'within
1657 3181 1759 3222 easy
1777 3168 1903 3210 reach

222 3227 269 3269 of
283 3228 357 3268 the
378 3229 684 3281 apprehension
697 3232 731 3280 ’;
760 3245 825 3283 cp.
847 3231 922 3271 the
941 3244 1015 3271 use
1035 3230 1082 3271 of
1098 3230 1305 3270 ὑπόκειται
1324 3229 1444 3270 νοεῖν.

281 3301 343 3343 17.
373 3303 461 3332 nec
481 3303 636 3332 errare
657 3295 863 3340 amplius
884 3294 937 3332 in
958 3304 1026 3332 eo.
1073 3295 1084 3314 ‘
1097 3292 1191 3333 Nor
1210 3306 1282 3333 are
1301 3293 1405 3346 they
1420 3306 1505 3346 any
1523 3293 1671 3346 longer
1689 3292 1903 3333 mistaken
