<?xml version="1.0" encoding="UTF-8"?>
<!DOCTYPE html PUBLIC "-//W3C//DTD XHTML 1.0 Transitional//EN"
    "http://www.w3.org/TR/xhtml1/DTD/xhtml1-transitional.dtd">
<html xmlns="http://www.w3.org/1999/xhtml" xml:lang="en" lang="en">
 <head>
  <title>
</title>
<meta http-equiv="Content-Type" content="text/html;charset=utf-8" />
  <meta name='ocr-system' content='tesseract 3.04.00' />
  <meta name='ocr-capabilities' content='ocr_page ocr_carea ocr_par ocr_line ocrx_word'/>
</head>
<body>
  <div class='ocr_page' id='page_1' title='image "apologeticusadve00tertuoft_0147.png"; bbox 0 0 2124 3554; ppageno 0'>
   <div class='ocr_carea' id='block_1_1' title="bbox 135 214 1795 284">
    <p class='ocr_par' dir='ltr' id='par_1_1' title="bbox 135 214 1795 284">
     <span class='ocr_line' id='line_1_1' title="bbox 135 214 1795 284; baseline -0.005 -11"><span class='ocrx_word' id='word_1_1' title='bbox 135 235 234 274; x_wconf 63' lang='lat' dir='ltr'><strong>Cn.</strong></span> <span class='ocrx_word' id='word_1_2' title='bbox 259 227 452 280; x_wconf 83' lang='lat' dir='ltr'><strong>XXXV.]</strong></span> <span class='ocrx_word' id='word_1_3' title='bbox 526 219 787 272; x_wconf 84' lang='lat' dir='ltr'><strong>adversus</strong></span> <span class='ocrx_word' id='word_1_4' title='bbox 829 216 1023 270; x_wconf 84' lang='lat' dir='ltr'><em>Gentes</em></span> <span class='ocrx_word' id='word_1_5' title='bbox 1048 224 1153 284; x_wconf 81' lang='lat' dir='ltr'><strong>pro</strong></span> <span class='ocrx_word' id='word_1_6' title='bbox 1197 214 1545 270; x_wconf 75' lang='lat' dir='ltr'><strong>Christianis.</strong></span> <span class='ocrx_word' id='word_1_7' title='bbox 1694 229 1795 283; x_wconf 77' lang='lat'><strong>109</strong></span> 
     </span>
    </p>
   </div>
   <div class='ocr_carea' id='block_1_2' title="bbox 133 356 1798 672">
    <p class='ocr_par' dir='ltr' id='par_1_2' title="bbox 133 356 1798 672">
     <span class='ocr_line' id='line_1_2' title="bbox 134 356 1798 425; baseline -0.005 -13"><span class='ocrx_word' id='word_1_8' title='bbox 134 363 291 412; x_wconf 90' lang='lat' dir='ltr'><strong>colere</strong></span> <span class='ocrx_word' id='word_1_9' title='bbox 313 362 392 411; x_wconf 92' lang='lat' dir='ltr'><strong>vel</strong></span> <span class='ocrx_word' id='word_1_10' title='bbox 421 362 627 419; x_wconf 86' lang='lat' dir='ltr'><strong>credere,</strong></span> <span class='ocrx_word' id='word_1_11' title='bbox 651 366 798 425; x_wconf 81' lang='lat' dir='ltr'><strong>atque</strong></span> <span class='ocrx_word' id='word_1_12' title='bbox 833 360 907 408; x_wconf 87' lang='lat' dir='ltr'><strong>ita</strong></span> <span class='ocrx_word' id='word_1_13' title='bbox 940 363 991 408; x_wconf 89' lang='lat' dir='ltr'><strong>et</strong></span> <span class='ocrx_word' id='word_1_14' title='bbox 1025 359 1153 407; x_wconf 90' lang='lat' dir='ltr'><strong>hunc</strong></span> <span class='ocrx_word' id='word_1_15' title='bbox 1189 359 1349 406; x_wconf 91' lang='lat' dir='ltr'><strong>Deum</strong></span> <span class='ocrx_word' id='word_1_16' title='bbox 1384 358 1556 416; x_wconf 83' lang='lat' dir='ltr'>dicere,</span> <span class='ocrx_word' id='word_1_17' title='bbox 1582 356 1662 404; x_wconf 82' lang='lat' dir='ltr'><strong>cui</strong></span> <span class='ocrx_word' id='word_1_18' title='bbox 1693 357 1798 405; x_wconf 93' lang='lat' dir='ltr'><strong>Deo</strong></span> 
     </span>
     <span class='ocr_line' id='line_1_3' title="bbox 133 438 1796 509; baseline -0.005 -15"><span class='ocrx_word' id='word_1_19' title='bbox 133 462 255 509; x_wconf 89' lang='lat' dir='ltr'><strong>opus</strong></span> <span class='ocrx_word' id='word_1_20' title='bbox 288 449 377 493; x_wconf 86' lang='lat' dir='ltr'><strong>est.</strong></span> <span class='ocrx_word' id='word_1_21' title='bbox 449 444 504 493; x_wconf 81' lang='lat' dir='ltr'><strong>Si</strong></span> <span class='ocrx_word' id='word_1_22' title='bbox 533 462 629 492; x_wconf 92' lang='lat' dir='ltr'><strong>non</strong></span> <span class='ocrx_word' id='word_1_23' title='bbox 661 444 720 492; x_wconf 90' lang='lat' dir='ltr'><strong>de</strong></span> <span class='ocrx_word' id='word_1_24' title='bbox 748 442 996 491; x_wconf 89' lang='lat' dir='ltr'><strong>mendacio</strong></span> <span class='ocrx_word' id='word_1_25' title='bbox 1033 440 1272 490; x_wconf 82' lang='lat' dir='ltr'><strong>erubescit</strong></span> <span class='ocrx_word' id='word_1_26' title='bbox 1299 439 1515 488; x_wconf 86' lang='lat' dir='ltr'><strong>adulatio</strong></span> <span class='ocrx_word' id='word_1_27' title='bbox 1546 438 1796 502; x_wconf 85' lang='lat' dir='ltr'><strong>ejusmodi,</strong></span> 
     </span>
     <span class='ocr_line' id='line_1_4' title="bbox 133 521 1798 590; baseline -0.004 -14"><span class='ocrx_word' id='word_1_28' title='bbox 133 527 374 576; x_wconf 90' lang='lat' dir='ltr'><strong>hominem</strong></span> <span class='ocrx_word' id='word_1_29' title='bbox 399 527 557 575; x_wconf 92' lang='lat' dir='ltr'><strong>Deum</strong></span> <span class='ocrx_word' id='word_1_30' title='bbox 580 526 840 590; x_wconf 87' lang='lat' dir='ltr'><strong>appellans,</strong></span> <span class='ocrx_word' id='word_1_31' title='bbox 867 524 1039 573; x_wconf 88' lang='lat' dir='ltr'><strong>timeat</strong></span> <span class='ocrx_word' id='word_1_32' title='bbox 1064 523 1230 572; x_wconf 89' lang='lat' dir='ltr'><strong>saltem</strong></span> <span class='ocrx_word' id='word_1_33' title='bbox 1255 523 1313 571; x_wconf 88' lang='lat' dir='ltr'><strong>de</strong></span> <span class='ocrx_word' id='word_1_34' title='bbox 1337 522 1563 572; x_wconf 87' lang='lat' dir='ltr'><strong>infausto.</strong></span> <span class='ocrx_word' id='word_1_35' title='bbox 1644 521 1798 570; x_wconf 91' lang='lat' dir='ltr'><strong>Male-</strong></span> 
     </span>
     <span class='ocr_line' id='line_1_5' title="bbox 133 606 1638 672; baseline -0.002 -14"><span class='ocrx_word' id='word_1_36' title='bbox 133 610 319 658; x_wconf 78' lang='lat' dir='ltr'><strong>dictum</strong></span> <span class='ocrx_word' id='word_1_37' title='bbox 343 615 417 658; x_wconf 91' lang='lat' dir='ltr'><strong>est</strong></span> <span class='ocrx_word' id='word_1_38' title='bbox 440 614 553 658; x_wconf 87' lang='lat' dir='ltr'><strong>ante</strong></span> <span class='ocrx_word' id='word_1_39' title='bbox 567 608 860 672; x_wconf 39' lang='lat' dir='ltr'><strong>*apotheosin</strong></span> <span class='ocrx_word' id='word_1_40' title='bbox 884 608 1043 655; x_wconf 90' lang='lat' dir='ltr'><strong>Deum</strong></span> <span class='ocrx_word' id='word_1_41' title='bbox 1068 606 1322 655; x_wconf 88' lang='lat' dir='ltr'><strong>Caesarem</strong></span> <span class='ocrx_word' id='word_1_42' title='bbox 1347 623 1638 670; x_wconf 88' lang='lat' dir='ltr'><strong>nuncupare.</strong></span> 
     </span>
    </p>
   </div>
   <div class='ocr_carea' id='block_1_3' title="bbox 736 753 1838 806">
    <p class='ocr_par' dir='ltr' id='par_1_3' title="bbox 736 753 1838 806">
     <span class='ocr_line' id='line_1_6' title="bbox 736 753 1838 806; baseline -0.005 -4"><span class='ocrx_word' id='word_1_43' title='bbox 736 753 958 803; x_wconf 85' lang='lat' dir='ltr'><strong>CAPUT</strong></span> <span class='ocrx_word' id='word_1_44' title='bbox 995 753 1202 802; x_wconf 89' lang='lat' dir='ltr'><strong>XXXV.</strong></span> <span class='ocrx_word' id='word_1_45' title='bbox 1816 766 1838 806; x_wconf 89' lang='lat'>5</span> 
     </span>
    </p>
   </div>
   <div class='ocr_carea' id='block_1_4' title="bbox 132 854 1871 1826">
    <p class='ocr_par' dir='ltr' id='par_1_4' title="bbox 132 854 1871 1826">
     <span class='ocr_line' id='line_1_7' title="bbox 203 854 1801 923; baseline -0.003 -15"><span class='ocrx_word' id='word_1_46' title='bbox 203 861 514 909; x_wconf 68' lang='lat' dir='ltr'><strong>Pnopmnm</strong></span> <span class='ocrx_word' id='word_1_47' title='bbox 545 858 701 922; x_wconf 84' lang='lat' dir='ltr'><strong>igitur</strong></span> <span class='ocrx_word' id='word_1_48' title='bbox 728 857 914 923; x_wconf 79' lang='lat' dir='ltr'>publici</span> <span class='ocrx_word' id='word_1_49' title='bbox 944 857 1107 905; x_wconf 85' lang='lat' dir='ltr'><strong>hostes</strong></span> <span class='ocrx_word' id='word_1_50' title='bbox 1138 854 1422 915; x_wconf 80' lang='lat' dir='ltr'><strong>Christiani,</strong></span> <span class='ocrx_word' id='word_1_51' title='bbox 1449 856 1563 920; x_wconf 88' lang='lat' dir='ltr'><strong>quia</strong></span> <span class='ocrx_word' id='word_1_52' title='bbox 1594 856 1801 921; x_wconf 87' lang='lat' dir='ltr'><strong>impera-</strong></span> 
     </span>
     <span class='ocr_line' id='line_1_8' title="bbox 132 937 1801 1006; baseline -0.001 -16"><span class='ocrx_word' id='word_1_53' title='bbox 132 943 323 991; x_wconf 78' lang='lat' dir='ltr'><strong>toribus</strong></span> <span class='ocrx_word' id='word_1_54' title='bbox 369 960 524 1006; x_wconf 88' lang='lat' dir='ltr'><strong>neque</strong></span> <span class='ocrx_word' id='word_1_55' title='bbox 570 959 721 991; x_wconf 86' lang='lat' dir='ltr'><strong>vanos</strong></span> <span class='ocrx_word' id='word_1_56' title='bbox 769 957 926 1004; x_wconf 86' lang='lat' dir='ltr'><strong>neque</strong></span> <span class='ocrx_word' id='word_1_57' title='bbox 972 937 1262 987; x_wconf 78' lang='lat' dir='ltr'><strong>mentientes</strong></span> <span class='ocrx_word' id='word_1_58' title='bbox 1317 955 1474 1003; x_wconf 82' lang='lat' dir='ltr'><strong>neque</strong></span> <span class='ocrx_word' id='word_1_59' title='bbox 1519 940 1801 989; x_wconf 83' lang='lat' dir='ltr'><strong>temerarios</strong></span> 
     </span>
     <span class='ocr_line' id='line_1_9' title="bbox 133 1021 1802 1088; baseline -0.002 -15"><span class='ocrx_word' id='word_1_60' title='bbox 133 1025 340 1073; x_wconf 81' lang='lat' dir='ltr'><strong>honores</strong></span> <span class='ocrx_word' id='word_1_61' title='bbox 365 1026 544 1084; x_wconf 87' lang='lat' dir='ltr'><strong>dicant,</strong></span> <span class='ocrx_word' id='word_1_62' title='bbox 564 1024 678 1088; x_wconf 87' lang='lat' dir='ltr'><strong>quia</strong></span> <span class='ocrx_word' id='word_1_63' title='bbox 696 1040 836 1072; x_wconf 88' lang='lat' dir='ltr'><strong>verae</strong></span> <span class='ocrx_word' id='word_1_64' title='bbox 859 1021 1112 1085; x_wconf 82' lang='lat' dir='ltr'><strong>religionis</strong></span> <span class='ocrx_word' id='word_1_65' title='bbox 1136 1021 1354 1070; x_wconf 89' lang='lat' dir='ltr'><strong>homines</strong></span> <span class='ocrx_word' id='word_1_66' title='bbox 1379 1022 1527 1070; x_wconf 82' lang='lat' dir='ltr'><strong>etiam</strong></span> <span class='ocrx_word' id='word_1_67' title='bbox 1551 1023 1802 1071; x_wconf 86' lang='lat' dir='ltr'><strong>sollemnia</strong></span> 
     </span>
     <span class='ocr_line' id='line_1_10' title="bbox 134 1103 1802 1169; baseline -0.002 -14"><span class='ocrx_word' id='word_1_68' title='bbox 134 1124 314 1166; x_wconf 80' lang='lat' dir='ltr'><strong>eorum,</strong></span> <span class='ocrx_word' id='word_1_69' title='bbox 342 1107 636 1155; x_wconf 88' lang='lat' dir='ltr'><strong>conscientia</strong></span> <span class='ocrx_word' id='word_1_70' title='bbox 666 1105 830 1169; x_wconf 87' lang='lat' dir='ltr'><strong>potius</strong></span> <span class='ocrx_word' id='word_1_71' title='bbox 863 1122 1008 1169; x_wconf 84' lang='lat' dir='ltr'><strong>quam</strong></span> <span class='ocrx_word' id='word_1_72' title='bbox 1042 1103 1241 1153; x_wconf 83' lang='lat' dir='ltr'><strong>lascivia</strong></span> <span class='ocrx_word' id='word_1_73' title='bbox 1277 1104 1534 1154; x_wconf 85' lang='lat' dir='ltr'><strong>celebrant.</strong></span> <span class='ocrx_word' id='word_1_74' title='bbox 1605 1105 1802 1153; x_wconf 80' lang='lat' dir='ltr'><strong>Grande</strong></span> 
     </span>
     <span class='ocr_line' id='line_1_11' title="bbox 134 1187 1871 1250; baseline -0.002 -13"><span class='ocrx_word' id='word_1_75' title='bbox 134 1189 364 1238; x_wconf 85' lang='lat' dir='ltr'><strong>videlicet</strong></span> <span class='ocrx_word' id='word_1_76' title='bbox 388 1189 614 1247; x_wconf 77' lang='lat' dir='ltr'><strong>officium,</strong></span> <span class='ocrx_word' id='word_1_77' title='bbox 637 1189 766 1237; x_wconf 87' lang='lat' dir='ltr'><strong>focos</strong></span> <span class='ocrx_word' id='word_1_78' title='bbox 789 1193 838 1236; x_wconf 88' lang='lat' dir='ltr'><strong>et</strong></span> <span class='ocrx_word' id='word_1_79' title='bbox 860 1191 992 1235; x_wconf 90' lang='lat' dir='ltr'><strong>toros</strong></span> <span class='ocrx_word' id='word_1_80' title='bbox 1017 1187 1070 1234; x_wconf 89' lang='lat' dir='ltr'><strong>in</strong></span> <span class='ocrx_word' id='word_1_81' title='bbox 1092 1187 1345 1250; x_wconf 81' lang='lat' dir='ltr'><strong>publicum</strong></span> <span class='ocrx_word' id='word_1_82' title='bbox 1368 1187 1582 1246; x_wconf 85' lang='lat' dir='ltr'><strong>educere,</strong></span> <span class='ocrx_word' id='word_1_83' title='bbox 1602 1187 1801 1236; x_wconf 90' lang='lat' dir='ltr'><strong>vicatim</strong></span> <span class='ocrx_word' id='word_1_84' title='bbox 1821 1213 1871 1242; x_wconf 85' lang='lat'><strong>10</strong></span> 
     </span>
     <span class='ocr_line' id='line_1_12' title="bbox 135 1269 1801 1335; baseline -0.001 -15"><span class='ocrx_word' id='word_1_85' title='bbox 135 1271 338 1335; x_wconf 88' lang='lat' dir='ltr'><strong>epulari,</strong></span> <span class='ocrx_word' id='word_1_86' title='bbox 376 1271 626 1319; x_wconf 87' lang='lat' dir='ltr'><strong>civitatem</strong></span> <span class='ocrx_word' id='word_1_87' title='bbox 661 1271 892 1319; x_wconf 86' lang='lat' dir='ltr'><strong>tabernae</strong></span> <span class='ocrx_word' id='word_1_88' title='bbox 927 1269 1102 1317; x_wconf 87' lang='lat' dir='ltr'><strong>habitu</strong></span> <span class='ocrx_word' id='word_1_89' title='bbox 1142 1269 1450 1329; x_wconf 83' lang='lat' dir='ltr'><strong>abolefacere,</strong></span> <span class='ocrx_word' id='word_1_90' title='bbox 1489 1270 1603 1318; x_wconf 90' lang='lat' dir='ltr'><strong>vino</strong></span> <span class='ocrx_word' id='word_1_91' title='bbox 1640 1271 1801 1318; x_wconf 90' lang='lat' dir='ltr'><strong>lutum</strong></span> 
     </span>
     <span class='ocr_line' id='line_1_13' title="bbox 136 1351 1804 1416; baseline -0.001 -15"><span class='ocrx_word' id='word_1_92' title='bbox 136 1369 323 1416; x_wconf 86' lang='lat' dir='ltr'><strong>cogere,</strong></span> <span class='ocrx_word' id='word_1_93' title='bbox 346 1353 631 1402; x_wconf 86' lang='lat' dir='ltr'><strong>catervatim</strong></span> <span class='ocrx_word' id='word_1_94' title='bbox 663 1352 903 1401; x_wconf 85' lang='lat' dir='ltr'><strong>cursitare</strong></span> <span class='ocrx_word' id='word_1_95' title='bbox 937 1351 1002 1400; x_wconf 90' lang='lat' dir='ltr'><strong>ad</strong></span> <span class='ocrx_word' id='word_1_96' title='bbox 1025 1351 1247 1413; x_wconf 83' lang='lat' dir='ltr'><strong>injurias,</strong></span> <span class='ocrx_word' id='word_1_97' title='bbox 1274 1352 1337 1399; x_wconf 85' lang='lat' dir='ltr'><strong>ad</strong></span> <span class='ocrx_word' id='word_1_98' title='bbox 1372 1351 1715 1414; x_wconf 89' lang='lat' dir='ltr'><strong>impudentias,</strong></span> <span class='ocrx_word' id='word_1_99' title='bbox 1741 1353 1804 1401; x_wconf 87' lang='lat' dir='ltr'><strong>ad</strong></span> 
     </span>
     <span class='ocr_line' id='line_1_14' title="bbox 135 1433 1803 1497; baseline -0.001 -14"><span class='ocrx_word' id='word_1_100' title='bbox 135 1435 354 1483; x_wconf 81' lang='lat' dir='ltr'><strong>libidinis</strong></span> <span class='ocrx_word' id='word_1_101' title='bbox 393 1435 656 1484; x_wconf 82' lang='lat' dir='ltr'><strong>illecebras,</strong></span> <span class='ocrx_word' id='word_1_102' title='bbox 729 1434 916 1483; x_wconf 80' lang='lat' dir='ltr'><strong>Siccine</strong></span> <span class='ocrx_word' id='word_1_103' title='bbox 949 1433 1245 1496; x_wconf 86' lang='lat' dir='ltr'><strong>exprimitur</strong></span> <span class='ocrx_word' id='word_1_104' title='bbox 1282 1434 1536 1496; x_wconf 85' lang='lat' dir='ltr'><strong>publicum</strong></span> <span class='ocrx_word' id='word_1_105' title='bbox 1571 1435 1803 1497; x_wconf 84' lang='lat' dir='ltr'><strong>gaudium</strong></span> 
     </span>
     <span class='ocr_line' id='line_1_15' title="bbox 136 1515 1804 1582; baseline -0.001 -16"><span class='ocrx_word' id='word_1_106' title='bbox 136 1534 225 1582; x_wconf 84' lang='lat' dir='ltr'><strong>per</strong></span> <span class='ocrx_word' id='word_1_107' title='bbox 247 1517 455 1566; x_wconf 82' lang='lat' dir='ltr'><strong>dedecus</strong></span> <span class='ocrx_word' id='word_1_108' title='bbox 486 1516 774 1580; x_wconf 66' lang='lat' dir='ltr'><strong>publicum?</strong></span> <span class='ocrx_word' id='word_1_109' title='bbox 845 1515 1087 1564; x_wconf 82' lang='lat' dir='ltr'><strong>Haeccine</strong></span> <span class='ocrx_word' id='word_1_110' title='bbox 1113 1516 1365 1563; x_wconf 85' lang='lat' dir='ltr'><strong>sollemnes</strong></span> <span class='ocrx_word' id='word_1_111' title='bbox 1390 1515 1492 1563; x_wconf 87' lang='lat' dir='ltr'><strong>dies</strong></span> <span class='ocrx_word' id='word_1_112' title='bbox 1526 1517 1804 1580; x_wconf 85' lang='lat' dir='ltr'><strong>principum</strong></span> 
     </span>
     <span class='ocr_line' id='line_1_16' title="bbox 137 1595 1871 1663; baseline 0.001 -16"><span class='ocrx_word' id='word_1_113' title='bbox 137 1600 322 1658; x_wconf 86' lang='lat' dir='ltr'><strong>decent,</strong></span> <span class='ocrx_word' id='word_1_114' title='bbox 348 1595 470 1662; x_wconf 87' lang='lat' dir='ltr'><strong>quae</strong></span> <span class='ocrx_word' id='word_1_115' title='bbox 494 1598 612 1646; x_wconf 84' lang='lat' dir='ltr'><strong>alios</strong></span> <span class='ocrx_word' id='word_1_116' title='bbox 637 1598 738 1646; x_wconf 89' lang='lat' dir='ltr'><strong>dies</strong></span> <span class='ocrx_word' id='word_1_117' title='bbox 763 1615 860 1645; x_wconf 92' lang='lat' dir='ltr'><strong>non</strong></span> <span class='ocrx_word' id='word_1_118' title='bbox 895 1597 1104 1645; x_wconf 75' lang='lat' dir='ltr'><strong>decent&#39;.l</strong></span> <span class='ocrx_word' id='word_1_119' title='bbox 1175 1597 1272 1657; x_wconf 79' lang='lat' dir='ltr'><strong>Qui</strong></span> <span class='ocrx_word' id='word_1_120' title='bbox 1296 1598 1556 1646; x_wconf 89' lang='lat' dir='ltr'><strong>observant</strong></span> <span class='ocrx_word' id='word_1_121' title='bbox 1588 1599 1804 1663; x_wconf 87' lang='lat' dir='ltr'><strong>discipli·</strong></span> <span class='ocrx_word' id='word_1_122' title='bbox 1824 1622 1871 1662; x_wconf 90' lang='lat'><strong>15</strong></span> 
     </span>
     <span class='ocr_line' id='line_1_17' title="bbox 137 1679 1804 1747; baseline 0 -17"><span class='ocrx_word' id='word_1_123' title='bbox 137 1698 251 1730; x_wconf 90' lang='lat' dir='ltr'><strong>nam</strong></span> <span class='ocrx_word' id='word_1_124' title='bbox 287 1681 346 1729; x_wconf 90' lang='lat' dir='ltr'><strong>de</strong></span> <span class='ocrx_word' id='word_1_125' title='bbox 383 1680 605 1729; x_wconf 83' lang='lat' dir='ltr'><strong>Caesaris</strong></span> <span class='ocrx_word' id='word_1_126' title='bbox 641 1685 876 1747; x_wconf 86' lang='lat' dir='ltr'><strong>respectu,</strong></span> <span class='ocrx_word' id='word_1_127' title='bbox 909 1679 963 1727; x_wconf 85' lang='lat' dir='ltr'><strong>hi</strong></span> <span class='ocrx_word' id='word_1_128' title='bbox 998 1698 1102 1729; x_wconf 89' lang='lat' dir='ltr'><strong>eam</strong></span> <span class='ocrx_word' id='word_1_129' title='bbox 1139 1685 1341 1744; x_wconf 89' lang='lat' dir='ltr'><strong>propter</strong></span> <span class='ocrx_word' id='word_1_130' title='bbox 1378 1681 1635 1730; x_wconf 88' lang='lat' dir='ltr'><strong>Caesarem</strong></span> <span class='ocrx_word' id='word_1_131' title='bbox 1671 1682 1804 1730; x_wconf 91' lang='lat' dir='ltr'><strong>dese—</strong></span> 
     </span>
     <span class='ocr_line' id='line_1_18' title="bbox 138 1762 1805 1826; baseline 0.001 -16"><span class='ocrx_word' id='word_1_132' title='bbox 138 1769 262 1823; x_wconf 84' lang='lat' dir='ltr'><strong>rent,</strong></span> <span class='ocrx_word' id='word_1_133' title='bbox 287 1768 335 1812; x_wconf 89' lang='lat' dir='ltr'><strong>et</strong></span> <span class='ocrx_word' id='word_1_134' title='bbox 358 1763 596 1811; x_wconf 88' lang='lat' dir='ltr'><strong>malorum</strong></span> <span class='ocrx_word' id='word_1_135' title='bbox 620 1780 811 1810; x_wconf 87' lang='lat' dir='ltr'><strong>morum</strong></span> <span class='ocrx_word' id='word_1_136' title='bbox 842 1763 1040 1811; x_wconf 90' lang='lat' dir='ltr'><strong>licentia</strong></span> <span class='ocrx_word' id='word_1_137' title='bbox 1062 1762 1218 1826; x_wconf 85' lang='lat' dir='ltr'><strong>pietas</strong></span> <span class='ocrx_word' id='word_1_138' title='bbox 1247 1762 1561 1823; x_wconf 64' lang='lat' dir='ltr'><strong>erit„occasio</strong></span> <span class='ocrx_word' id='word_1_139' title='bbox 1585 1764 1805 1813; x_wconf 84' lang='lat' dir='ltr'><strong>luxuriae</strong></span> 
     </span>
    </p>
   </div>
   <div class='ocr_carea' id='block_1_5' title="bbox 139 1882 1811 3227">
    <p class='ocr_par' dir='ltr' id='par_1_5' title="bbox 139 1882 1806 2241">
     <span class='ocr_line' id='line_1_19' title="bbox 194 1882 1805 1935; baseline 0.002 -16"><span class='ocrx_word' id='word_1_140' title='bbox 194 1893 234 1932; x_wconf 84' lang='lat'><strong>3.</strong></span> <span class='ocrx_word' id='word_1_141' title='bbox 261 1882 571 1921; x_wconf 81' lang='lat' dir='ltr'><strong>Maledictum</strong></span> <span class='ocrx_word' id='word_1_142' title='bbox 599 1885 672 1920; x_wconf 88' lang='lat' dir='ltr'><strong>est</strong></span> <span class='ocrx_word' id='word_1_143' title='bbox 699 1885 808 1921; x_wconf 86' lang='lat' dir='ltr'><strong>ante</strong></span> <span class='ocrx_word' id='word_1_144' title='bbox 837 1883 1130 1928; x_wconf 77' lang='lat' dir='ltr'><strong>apotheosin.</strong></span> <span class='ocrx_word' id='word_1_145' title='bbox 1190 1882 1335 1934; x_wconf 91' lang='lat' dir='ltr'><strong>Comp.</strong></span> <span class='ocrx_word' id='word_1_146' title='bbox 1365 1882 1497 1922; x_wconf 83' lang='lat' dir='ltr'><strong>Tacit.</strong></span> <span class='ocrx_word' id='word_1_147' title='bbox 1519 1882 1628 1922; x_wconf 77' lang='lat' dir='ltr'><strong>Ann.</strong></span> <span class='ocrx_word' id='word_1_148' title='bbox 1649 1897 1717 1922; x_wconf 87' lang='lat' dir='ltr'><strong>xv.</strong></span> <span class='ocrx_word' id='word_1_149' title='bbox 1742 1891 1805 1935; x_wconf 86' lang='lat'><strong>74,</strong></span> 
     </span>
     <span class='ocr_line' id='line_1_20' title="bbox 139 1942 1806 1995; baseline 0.001 -12"><span class='ocrx_word' id='word_1_150' title='bbox 139 1942 279 1983; x_wconf 86' lang='lat' dir='ltr'><strong>where</strong></span> <span class='ocrx_word' id='word_1_151' title='bbox 296 1943 370 1982; x_wconf 89' lang='lat' dir='ltr'><strong>the</strong></span> <span class='ocrx_word' id='word_1_152' title='bbox 390 1943 651 1994; x_wconf 86' lang='lat' dir='ltr'><strong>assumption</strong></span> <span class='ocrx_word' id='word_1_153' title='bbox 680 1942 726 1982; x_wconf 89' lang='lat' dir='ltr'><strong>of</strong></span> <span class='ocrx_word' id='word_1_154' title='bbox 750 1943 894 1982; x_wconf 90' lang='lat' dir='ltr'><strong>divine</strong></span> <span class='ocrx_word' id='word_1_155' title='bbox 922 1943 1103 1982; x_wconf 86' lang='lat' dir='ltr'><strong>honours</strong></span> <span class='ocrx_word' id='word_1_156' title='bbox 1131 1943 1190 1995; x_wconf 92' lang='lat' dir='ltr'><strong>by</strong></span> <span class='ocrx_word' id='word_1_157' title='bbox 1208 1944 1325 1983; x_wconf 88' lang='lat' dir='ltr'><strong>Nero</strong></span> <span class='ocrx_word' id='word_1_158' title='bbox 1346 1944 1391 1983; x_wconf 90' lang='lat' dir='ltr'><strong>in</strong></span> <span class='ocrx_word' id='word_1_159' title='bbox 1419 1945 1485 1984; x_wconf 90' lang='lat' dir='ltr'><strong>his</strong></span> <span class='ocrx_word' id='word_1_160' title='bbox 1513 1945 1692 1985; x_wconf 88' lang='lat' dir='ltr'><strong>lifetime</strong></span> <span class='ocrx_word' id='word_1_161' title='bbox 1719 1959 1806 1985; x_wconf 84' lang='lat' dir='ltr'><strong>was</strong></span> 
     </span>
     <span class='ocr_line' id='line_1_21' title="bbox 140 2004 1805 2059; baseline 0.001 -15"><span class='ocrx_word' id='word_1_162' title='bbox 140 2004 343 2056; x_wconf 85' lang='lat' dir='ltr'><strong>regarded</strong></span> <span class='ocrx_word' id='word_1_163' title='bbox 369 2004 428 2056; x_wconf 89' lang='lat' dir='ltr'><strong>by</strong></span> <span class='ocrx_word' id='word_1_164' title='bbox 456 2016 569 2044; x_wconf 88' lang='lat' dir='ltr'><strong>some</strong></span> <span class='ocrx_word' id='word_1_165' title='bbox 598 2017 644 2044; x_wconf 89' lang='lat' dir='ltr'><strong>as</strong></span> <span class='ocrx_word' id='word_1_166' title='bbox 674 2018 729 2044; x_wconf 83' lang='lat' dir='ltr'><strong>an</strong></span> <span class='ocrx_word' id='word_1_167' title='bbox 752 2018 874 2044; x_wconf 89' lang='lat' dir='ltr'><strong>omen</strong></span> <span class='ocrx_word' id='word_1_168' title='bbox 902 2004 947 2044; x_wconf 86' lang='lat' dir='ltr'><strong>of</strong></span> <span class='ocrx_word' id='word_1_169' title='bbox 966 2005 1032 2044; x_wconf 86' lang='lat' dir='ltr'><strong>his</strong></span> <span class='ocrx_word' id='word_1_170' title='bbox 1060 2005 1202 2044; x_wconf 85' lang='lat' dir='ltr'><strong>death.</strong></span> <span class='ocrx_word' id='word_1_171' title='bbox 1261 2006 1434 2046; x_wconf 87' lang='lat' dir='ltr'><strong>Sueton.</strong></span> <span class='ocrx_word' id='word_1_172' title='bbox 1465 2007 1558 2047; x_wconf 76' lang='lat' dir='ltr'><strong>Jal.</strong></span> <span class='ocrx_word' id='word_1_173' title='bbox 1590 2008 1703 2048; x_wconf 75' lang='lat' dir='ltr'><strong>Caes.</strong></span> <span class='ocrx_word' id='word_1_174' title='bbox 1727 2007 1805 2059; x_wconf 87' lang='lat'><strong>76;</strong></span> 
     </span>
     <span class='ocr_line' id='line_1_22' title="bbox 146 2064 1805 2120; baseline 0.001 -14"><span class='ocrx_word' id='word_1_175' title='bbox 146 2066 287 2116; x_wconf 72' lang='lat' dir='ltr'><strong>Caliy.</strong></span> <span class='ocrx_word' id='word_1_176' title='bbox 321 2077 395 2112; x_wconf 80' lang='lat'><strong>223</strong></span> <span class='ocrx_word' id='word_1_177' title='bbox 428 2064 550 2117; x_wconf 75' lang='lat' dir='ltr'><strong>Vesp.</strong></span> <span class='ocrx_word' id='word_1_178' title='bbox 584 2077 661 2115; x_wconf 86' lang='lat'><strong>23;</strong></span> <span class='ocrx_word' id='word_1_179' title='bbox 698 2065 811 2108; x_wconf 91' lang='lat' dir='ltr'><strong>Plin.</strong></span> <span class='ocrx_word' id='word_1_180' title='bbox 846 2067 1060 2120; x_wconf 71' lang='lat' dir='ltr'><strong>Paneyyr.</strong></span> <span class='ocrx_word' id='word_1_181' title='bbox 1096 2078 1176 2116; x_wconf 86' lang='lat'><strong>11;</strong></span> <span class='ocrx_word' id='word_1_182' title='bbox 1217 2067 1429 2120; x_wconf 80' lang='lat' dir='ltr'><strong>Spartian.</strong></span> <span class='ocrx_word' id='word_1_183' title='bbox 1472 2069 1585 2109; x_wconf 70' lang='lat' dir='ltr'><strong>Geta</strong></span> <span class='ocrx_word' id='word_1_184' title='bbox 1622 2081 1659 2110; x_wconf 87' lang='lat'><strong>2.</strong></span> <span class='ocrx_word' id='word_1_185' title='bbox 1715 2070 1805 2109; x_wconf 90' lang='lat' dir='ltr'><strong>Yet</strong></span> 
     </span>
     <span class='ocr_line' id='line_1_23' title="bbox 141 2125 1804 2183; baseline 0.002 -16"><span class='ocrx_word' id='word_1_186' title='bbox 141 2127 250 2167; x_wconf 87' lang='lat' dir='ltr'><strong>after</strong></span> <span class='ocrx_word' id='word_1_187' title='bbox 268 2125 519 2166; x_wconf 88' lang='lat' dir='ltr'><strong>Domitian&#39;s</strong></span> <span class='ocrx_word' id='word_1_188' title='bbox 540 2128 679 2168; x_wconf 90' lang='lat' dir='ltr'><strong>action</strong></span> <span class='ocrx_word' id='word_1_189' title='bbox 704 2128 779 2168; x_wconf 91' lang='lat' dir='ltr'><strong>the</strong></span> <span class='ocrx_word' id='word_1_190' title='bbox 808 2128 994 2181; x_wconf 89' lang='lat' dir='ltr'><strong>divinity</strong></span> <span class='ocrx_word' id='word_1_191' title='bbox 1014 2127 1060 2168; x_wconf 90' lang='lat' dir='ltr'><strong>of</strong></span> <span class='ocrx_word' id='word_1_192' title='bbox 1083 2129 1156 2168; x_wconf 88' lang='lat' dir='ltr'><strong>the</strong></span> <span class='ocrx_word' id='word_1_193' title='bbox 1184 2129 1322 2181; x_wconf 89' lang='lat' dir='ltr'><strong>living</strong></span> <span class='ocrx_word' id='word_1_194' title='bbox 1344 2143 1552 2182; x_wconf 87' lang='lat' dir='ltr'><strong>emperors</strong></span> <span class='ocrx_word' id='word_1_195' title='bbox 1571 2144 1656 2170; x_wconf 87' lang='lat' dir='ltr'><strong>was</strong></span> <span class='ocrx_word' id='word_1_196' title='bbox 1685 2145 1804 2183; x_wconf 86' lang='lat' dir='ltr'><strong>regu-</strong></span> 
     </span>
     <span class='ocr_line' id='line_1_24' title="bbox 141 2188 522 2241; baseline 0 -13"><span class='ocrx_word' id='word_1_197' title='bbox 141 2189 252 2241; x_wconf 85' lang='lat' dir='ltr'><strong>larly</strong></span> <span class='ocrx_word' id='word_1_198' title='bbox 268 2188 522 2239; x_wconf 88' lang='lat' dir='ltr'><strong>recognized.</strong></span> 
     </span>
    </p>

    <p class='ocr_par' dir='ltr' id='par_1_6' title="bbox 144 2251 1805 2365">
     <span class='ocr_line' id='line_1_25' title="bbox 197 2251 1805 2305; baseline 0.002 -15"><span class='ocrx_word' id='word_1_199' title='bbox 197 2251 235 2290; x_wconf 92' lang='lat'><strong>6.</strong></span> <span class='ocrx_word' id='word_1_200' title='bbox 265 2252 448 2297; x_wconf 85' lang='lat' dir='ltr'><strong>publici</strong></span> <span class='ocrx_word' id='word_1_201' title='bbox 476 2253 663 2291; x_wconf 77' lang='lat' dir='ltr'><strong>hostes:</strong></span> <span class='ocrx_word' id='word_1_202' title='bbox 689 2252 865 2291; x_wconf 86' lang='lat' dir='ltr'><strong>because</strong></span> <span class='ocrx_word' id='word_1_203' title='bbox 885 2251 1116 2304; x_wconf 85' lang='lat' dir='ltr'><strong>disloyalty</strong></span> <span class='ocrx_word' id='word_1_204' title='bbox 1134 2255 1180 2292; x_wconf 90' lang='lat' dir='ltr'><strong>to</strong></span> <span class='ocrx_word' id='word_1_205' title='bbox 1201 2252 1275 2292; x_wconf 93' lang='lat' dir='ltr'><strong>the</strong></span> <span class='ocrx_word' id='word_1_206' title='bbox 1304 2266 1493 2305; x_wconf 86' lang='lat' dir='ltr'><strong>emperor</strong></span> <span class='ocrx_word' id='word_1_207' title='bbox 1510 2267 1596 2294; x_wconf 85' lang='lat' dir='ltr'><strong>was</strong></span> <span class='ocrx_word' id='word_1_208' title='bbox 1625 2268 1651 2294; x_wconf 86' lang='lat' dir='ltr'><strong>a</strong></span> <span class='ocrx_word' id='word_1_209' title='bbox 1678 2255 1805 2295; x_wconf 90' lang='lat' dir='ltr'><strong>crime</strong></span> 
     </span>
     <span class='ocr_line' id='line_1_26' title="bbox 144 2311 957 2365; baseline 0.001 -13"><span class='ocrx_word' id='word_1_210' title='bbox 144 2313 310 2365; x_wconf 85' lang='lat' dir='ltr'><strong>against</strong></span> <span class='ocrx_word' id='word_1_211' title='bbox 327 2311 400 2351; x_wconf 90' lang='lat' dir='ltr'><strong>the</strong></span> <span class='ocrx_word' id='word_1_212' title='bbox 420 2315 554 2361; x_wconf 82' lang='lat' dir='ltr'><strong>state3</strong></span> <span class='ocrx_word' id='word_1_213' title='bbox 584 2326 653 2353; x_wconf 89' lang='lat' dir='ltr'><strong>see</strong></span> <span class='ocrx_word' id='word_1_214' title='bbox 672 2318 784 2362; x_wconf 89' lang='lat' dir='ltr'><strong>note,</strong></span> <span class='ocrx_word' id='word_1_215' title='bbox 808 2313 872 2353; x_wconf 89' lang='lat' dir='ltr'><strong>ch.</strong></span> <span class='ocrx_word' id='word_1_216' title='bbox 896 2315 957 2353; x_wconf 74' lang='lat'><strong>28.</strong></span> 
     </span>
    </p>

    <p class='ocr_par' dir='ltr' id='par_1_7' title="bbox 143 2373 1811 2862">
     <span class='ocr_line' id='line_1_27' title="bbox 206 2373 1811 2428; baseline 0.002 -16"><span class='ocrx_word' id='word_1_217' title='bbox 206 2385 272 2414; x_wconf 75' lang='lat'><strong>11.</strong></span> <span class='ocrx_word' id='word_1_218' title='bbox 300 2373 816 2423; x_wconf 80' lang='lat' dir='ltr'><strong>abolefacere=abolere,</strong></span> <span class='ocrx_word' id='word_1_219' title='bbox 843 2376 853 2395; x_wconf 90' lang='lat'><em>‘</em></span> <span class='ocrx_word' id='word_1_220' title='bbox 870 2378 915 2413; x_wconf 93' lang='lat' dir='ltr'><strong>to</strong></span> <span class='ocrx_word' id='word_1_221' title='bbox 941 2374 1070 2414; x_wconf 86' lang='lat' dir='ltr'><strong>efface</strong></span> <span class='ocrx_word' id='word_1_222' title='bbox 1093 2374 1167 2413; x_wconf 89' lang='lat' dir='ltr'><strong>the</strong></span> <span class='ocrx_word' id='word_1_223' title='bbox 1193 2374 1281 2425; x_wconf 85' lang='lat' dir='ltr'><strong>city</strong></span> <span class='ocrx_word' id='word_1_224' title='bbox 1305 2374 1439 2415; x_wconf 87' lang='lat' dir='ltr'><strong>under</strong></span> <span class='ocrx_word' id='word_1_225' title='bbox 1457 2375 1531 2415; x_wconf 88' lang='lat' dir='ltr'><strong>the</strong></span> <span class='ocrx_word' id='word_1_226' title='bbox 1553 2376 1736 2428; x_wconf 87' lang='lat' dir='ltr'><strong>disguise</strong></span> <span class='ocrx_word' id='word_1_227' title='bbox 1765 2376 1811 2416; x_wconf 90' lang='lat' dir='ltr'><strong>of</strong></span> 
     </span>
     <span class='ocr_line' id='line_1_28' title="bbox 143 2433 1808 2491; baseline 0.001 -15"><span class='ocrx_word' id='word_1_228' title='bbox 143 2449 170 2476; x_wconf 84' lang='lat' dir='ltr'><strong>a</strong></span> <span class='ocrx_word' id='word_1_229' title='bbox 203 2433 409 2477; x_wconf 87' lang='lat' dir='ltr'><strong>tavern&#39;:</strong></span> <span class='ocrx_word' id='word_1_230' title='bbox 452 2449 582 2487; x_wconf 89' lang='lat' dir='ltr'><strong>comp.</strong></span> <span class='ocrx_word' id='word_1_231' title='bbox 612 2436 675 2474; x_wconf 91' lang='lat' dir='ltr'><strong>ch.</strong></span> <span class='ocrx_word' id='word_1_232' title='bbox 705 2447 784 2487; x_wconf 88' lang='lat'><strong>42;</strong></span> <span class='ocrx_word' id='word_1_233' title='bbox 813 2436 991 2475; x_wconf 86' lang='lat' dir='ltr'><strong>Martial</strong></span> <span class='ocrx_word' id='word_1_234' title='bbox 1020 2436 1093 2475; x_wconf 89' lang='lat' dir='ltr'><strong>vii.</strong></span> <span class='ocrx_word' id='word_1_235' title='bbox 1122 2434 1189 2484; x_wconf 91' lang='lat'><strong>60,</strong></span> <span class='ocrx_word' id='word_1_236' title='bbox 1223 2436 1376 2476; x_wconf 89' lang='lat' dir='ltr'><strong>‘Nunc</strong></span> <span class='ocrx_word' id='word_1_237' title='bbox 1405 2437 1541 2477; x_wconf 85' lang='lat' dir='ltr'><strong>Roma</strong></span> <span class='ocrx_word' id='word_1_238' title='bbox 1569 2443 1647 2487; x_wconf 88' lang='lat' dir='ltr'><strong>est,</strong></span> <span class='ocrx_word' id='word_1_239' title='bbox 1674 2452 1808 2491; x_wconf 91' lang='lat' dir='ltr'><strong>nuper</strong></span> 
     </span>
     <span class='ocr_line' id='line_1_29' title="bbox 144 2498 1805 2550; baseline 0.002 -12"><span class='ocrx_word' id='word_1_240' title='bbox 144 2510 298 2550; x_wconf 83' lang='lat' dir='ltr'><strong>magna</strong></span> <span class='ocrx_word' id='word_1_241' title='bbox 321 2500 496 2539; x_wconf 89' lang='lat' dir='ltr'><strong>taberna</strong></span> <span class='ocrx_word' id='word_1_242' title='bbox 524 2498 629 2538; x_wconf 85' lang='lat' dir='ltr'><strong>fuit’</strong></span> <span class='ocrx_word' id='word_1_243' title='bbox 643 2511 658 2547; x_wconf 85' lang='lat'>;</span> <span class='ocrx_word' id='word_1_244' title='bbox 684 2498 817 2538; x_wconf 84' lang='lat' dir='ltr'><strong>Tacit.</strong></span> <span class='ocrx_word' id='word_1_245' title='bbox 846 2498 964 2538; x_wconf 74' lang='lat' dir='ltr'><strong>Ann.</strong></span> <span class='ocrx_word' id='word_1_246' title='bbox 993 2511 1061 2537; x_wconf 87' lang='lat' dir='ltr'><strong>xv.</strong></span> <span class='ocrx_word' id='word_1_247' title='bbox 1084 2505 1148 2549; x_wconf 74' lang='lat'><strong>37,</strong></span> <span class='ocrx_word' id='word_1_248' title='bbox 1168 2500 1179 2519; x_wconf 93' lang='lat'>‘</span> <span class='ocrx_word' id='word_1_249' title='bbox 1192 2499 1370 2549; x_wconf 89' lang='lat' dir='ltr'><strong>publicis</strong></span> <span class='ocrx_word' id='word_1_250' title='bbox 1398 2499 1498 2539; x_wconf 89' lang='lat' dir='ltr'><strong>locis</strong></span> <span class='ocrx_word' id='word_1_251' title='bbox 1527 2504 1688 2540; x_wconf 87' lang='lat' dir='ltr'><strong>struere</strong></span> <span class='ocrx_word' id='word_1_252' title='bbox 1711 2515 1805 2541; x_wconf 91' lang='lat' dir='ltr'><strong>con·</strong></span> 
     </span>
     <span class='ocr_line' id='line_1_30' title="bbox 144 2556 1807 2613; baseline 0.002 -15"><span class='ocrx_word' id='word_1_253' title='bbox 144 2560 272 2609; x_wconf 85' lang='lat' dir='ltr'><strong>vivia,</strong></span> <span class='ocrx_word' id='word_1_254' title='bbox 294 2564 467 2612; x_wconf 89' lang='lat' dir='ltr'><strong>totaque</strong></span> <span class='ocrx_word' id='word_1_255' title='bbox 487 2559 590 2598; x_wconf 90' lang='lat' dir='ltr'><strong>urbe</strong></span> <span class='ocrx_word' id='word_1_256' title='bbox 608 2559 727 2610; x_wconf 86' lang='lat' dir='ltr'><strong>quasi</strong></span> <span class='ocrx_word' id='word_1_257' title='bbox 747 2560 870 2598; x_wconf 91' lang='lat' dir='ltr'><strong>domo</strong></span> <span class='ocrx_word' id='word_1_258' title='bbox 890 2556 979 2598; x_wconf 65' lang='lat' dir='ltr'><strong>uti!</strong></span> <span class='ocrx_word' id='word_1_259' title='bbox 1041 2558 1307 2611; x_wconf 66' lang='lat' dir='ltr'><strong>Obolefacere</strong></span> <span class='ocrx_word' id='word_1_260' title='bbox 1333 2561 1369 2599; x_wconf 90' lang='lat' dir='ltr'><strong>is</strong></span> <span class='ocrx_word' id='word_1_261' title='bbox 1395 2560 1469 2600; x_wconf 90' lang='lat' dir='ltr'><strong>the</strong></span> <span class='ocrx_word' id='word_1_262' title='bbox 1488 2561 1706 2613; x_wconf 87' lang='lat' dir='ltr'><strong>ingenious</strong></span> <span class='ocrx_word' id='word_1_263' title='bbox 1728 2563 1807 2602; x_wconf 93' lang='lat' dir='ltr'><strong>but</strong></span> 
     </span>
     <span class='ocr_line' id='line_1_31' title="bbox 144 2621 1807 2675; baseline 0.002 -14"><span class='ocrx_word' id='word_1_264' title='bbox 144 2635 425 2675; x_wconf 86' lang='lat' dir='ltr'><strong>unnecessary</strong></span> <span class='ocrx_word' id='word_1_265' title='bbox 450 2621 690 2673; x_wconf 78' lang='lat' dir='ltr'><strong>conjecture</strong></span> <span class='ocrx_word' id='word_1_266' title='bbox 719 2621 765 2660; x_wconf 86' lang='lat' dir='ltr'><strong>of</strong></span> <span class='ocrx_word' id='word_1_267' title='bbox 787 2621 949 2661; x_wconf 87' lang='lat' dir='ltr'><strong>several</strong></span> <span class='ocrx_word' id='word_1_268' title='bbox 979 2621 1149 2661; x_wconf 87' lang='lat' dir='ltr'><strong>editors.</strong></span> <span class='ocrx_word' id='word_1_269' title='bbox 1205 2622 1418 2661; x_wconf 70' lang='lat' dir='ltr'><strong>Habitwm,</strong></span> <span class='ocrx_word' id='word_1_270' title='bbox 1441 2623 1655 2664; x_wconf 68' lang='lat' dir='ltr'><strong>demutare</strong></span> <span class='ocrx_word' id='word_1_271' title='bbox 1680 2626 1715 2664; x_wconf 90' lang='lat' dir='ltr'><strong>is</strong></span> <span class='ocrx_word' id='word_1_272' title='bbox 1734 2625 1807 2664; x_wconf 89' lang='lat' dir='ltr'><strong>the</strong></span> 
     </span>
     <span class='ocr_line' id='line_1_32' title="bbox 144 2683 1807 2737; baseline 0.002 -14"><span class='ocrx_word' id='word_1_273' title='bbox 144 2685 320 2737; x_wconf 85' lang='lat' dir='ltr'><strong>reading</strong></span> <span class='ocrx_word' id='word_1_274' title='bbox 341 2685 388 2724; x_wconf 88' lang='lat' dir='ltr'><strong>of</strong></span> <span class='ocrx_word' id='word_1_275' title='bbox 413 2684 512 2724; x_wconf 90' lang='lat' dir='ltr'><strong>Cod.</strong></span> <span class='ocrx_word' id='word_1_276' title='bbox 543 2683 669 2723; x_wconf 82' lang='lat' dir='ltr'><strong>Fuld.</strong></span> <span class='ocrx_word' id='word_1_277' title='bbox 738 2683 1007 2736; x_wconf 68' lang='lat' dir='ltr'><strong>Abolqs&#39;acere</strong></span> <span class='ocrx_word' id='word_1_278' title='bbox 1034 2696 1175 2723; x_wconf 86' lang='lat' dir='ltr'><strong>recurs</strong></span> <span class='ocrx_word' id='word_1_279' title='bbox 1204 2683 1256 2722; x_wconf 85' lang='lat' dir='ltr'><strong>de</strong></span> <span class='ocrx_word' id='word_1_280' title='bbox 1285 2684 1386 2724; x_wconf 74' lang='lat' dir='ltr'><strong>cult.</strong></span> <span class='ocrx_word' id='word_1_281' title='bbox 1403 2686 1511 2736; x_wconf 84' lang='lat' dir='ltr'><strong>fem.</strong></span> <span class='ocrx_word' id='word_1_282' title='bbox 1544 2686 1572 2726; x_wconf 88' lang='lat' dir='ltr'><strong>i.</strong></span> <span class='ocrx_word' id='word_1_283' title='bbox 1597 2697 1633 2736; x_wconf 85' lang='lat'><strong>3,</strong></span> <span class='ocrx_word' id='word_1_284' title='bbox 1665 2686 1710 2725; x_wconf 89' lang='lat' dir='ltr'><strong>of</strong></span> <span class='ocrx_word' id='word_1_285' title='bbox 1734 2686 1807 2726; x_wconf 90' lang='lat' dir='ltr'><strong>the</strong></span> 
     </span>
     <span class='ocr_line' id='line_1_33' title="bbox 146 2746 1808 2798; baseline 0.001 -10"><span class='ocrx_word' id='word_1_286' title='bbox 146 2748 404 2788; x_wconf 85' lang='lat' dir='ltr'><strong>destruction</strong></span> <span class='ocrx_word' id='word_1_287' title='bbox 423 2751 469 2786; x_wconf 91' lang='lat' dir='ltr'><strong>at</strong></span> <span class='ocrx_word' id='word_1_288' title='bbox 487 2746 562 2786; x_wconf 88' lang='lat' dir='ltr'><strong>the</strong></span> <span class='ocrx_word' id='word_1_289' title='bbox 582 2747 760 2798; x_wconf 87' lang='lat' dir='ltr'><strong>Deluge,</strong></span> <span class='ocrx_word' id='word_1_290' title='bbox 782 2749 794 2767; x_wconf 88' lang='lat'>‘</span> <span class='ocrx_word' id='word_1_291' title='bbox 809 2747 984 2798; x_wconf 88' lang='lat' dir='ltr'><strong>perinde</strong></span> <span class='ocrx_word' id='word_1_292' title='bbox 1011 2747 1152 2798; x_wconf 90' lang='lat' dir='ltr'><strong>potuit</strong></span> <span class='ocrx_word' id='word_1_293' title='bbox 1180 2747 1459 2788; x_wconf 87' lang='lat' dir='ltr'><strong>abolefactam</strong></span> <span class='ocrx_word' id='word_1_294' title='bbox 1489 2762 1576 2789; x_wconf 89' lang='lat' dir='ltr'><strong>esse</strong></span> <span class='ocrx_word' id='word_1_295' title='bbox 1604 2750 1808 2790; x_wconf 88' lang='lat' dir='ltr'><strong>violentia</strong></span> 
     </span>
     <span class='ocr_line' id='line_1_34' title="bbox 145 2806 1058 2862; baseline -0.002 -12"><span class='ocrx_word' id='word_1_296' title='bbox 145 2809 387 2862; x_wconf 84' lang='lat' dir='ltr'><strong>cataclysmi</strong></span> <span class='ocrx_word' id='word_1_297' title='bbox 406 2809 452 2848; x_wconf 91' lang='lat' dir='ltr'><strong>in</strong></span> <span class='ocrx_word' id='word_1_298' title='bbox 472 2809 621 2860; x_wconf 88' lang='lat' dir='ltr'><strong>spiritu</strong></span> <span class='ocrx_word' id='word_1_299' title='bbox 639 2821 782 2848; x_wconf 89' lang='lat' dir='ltr'><strong>rursus</strong></span> <span class='ocrx_word' id='word_1_300' title='bbox 802 2806 1058 2853; x_wconf 73' lang='lat' dir='ltr'><strong>reformare.⁷</strong></span> 
     </span>
    </p>

    <p class='ocr_par' dir='ltr' id='par_1_8' title="bbox 149 2869 1808 3046">
     <span class='ocr_line' id='line_1_35' title="bbox 255 2869 1808 2922; baseline 0.001 -12"><span class='ocrx_word' id='word_1_301' title='bbox 255 2874 369 2911; x_wconf 86' lang='lat' dir='ltr'><strong>vino</strong></span> <span class='ocrx_word' id='word_1_302' title='bbox 401 2873 557 2910; x_wconf 88' lang='lat' dir='ltr'><strong>lutum</strong></span> <span class='ocrx_word' id='word_1_303' title='bbox 583 2882 762 2918; x_wconf 76' lang='lat' dir='ltr'><strong>cogere,</strong></span> <span class='ocrx_word' id='word_1_304' title='bbox 798 2872 868 2909; x_wconf 89' lang='lat' dir='ltr'><strong>‘to</strong></span> <span class='ocrx_word' id='word_1_305' title='bbox 905 2871 1030 2910; x_wconf 89' lang='lat' dir='ltr'><strong>make</strong></span> <span class='ocrx_word' id='word_1_306' title='bbox 1061 2869 1163 2909; x_wconf 89' lang='lat' dir='ltr'><strong>mud</strong></span> <span class='ocrx_word' id='word_1_307' title='bbox 1194 2870 1301 2910; x_wconf 89' lang='lat' dir='ltr'><strong>with</strong></span> <span class='ocrx_word' id='word_1_308' title='bbox 1336 2869 1494 2911; x_wconf 88' lang='lat' dir='ltr'><strong>wine&#39;:</strong></span> <span class='ocrx_word' id='word_1_309' title='bbox 1538 2874 1746 2922; x_wconf 65' lang='lat' dir='ltr'><strong>cogere=‘</strong></span> <span class='ocrx_word' id='word_1_310' title='bbox 1762 2878 1808 2912; x_wconf 89' lang='lat' dir='ltr'><strong>to</strong></span> 
     </span>
     <span class='ocr_line' id='line_1_36' title="bbox 149 2930 1807 2985; baseline 0.001 -13"><span class='ocrx_word' id='word_1_311' title='bbox 149 2931 349 2979; x_wconf 90' lang='lat' dir='ltr'><strong>thicken‚&#39;</strong></span> <span class='ocrx_word' id='word_1_312' title='bbox 378 2945 520 2972; x_wconf 89' lang='lat' dir='ltr'><strong>occurs</strong></span> <span class='ocrx_word' id='word_1_313' title='bbox 552 2932 682 2983; x_wconf 87' lang='lat' dir='ltr'><strong>Verg.</strong></span> <span class='ocrx_word' id='word_1_314' title='bbox 720 2931 862 2982; x_wconf 65' lang='lat' dir='ltr'><strong>Geooy.</strong></span> <span class='ocrx_word' id='word_1_315' title='bbox 890 2932 947 2972; x_wconf 91' lang='lat' dir='ltr'><strong>iv.</strong></span> <span class='ocrx_word' id='word_1_316' title='bbox 978 2930 1044 2982; x_wconf 85' lang='lat'><strong>36,</strong></span> <span class='ocrx_word' id='word_1_317' title='bbox 1074 2932 1159 2970; x_wconf 87' lang='lat' dir='ltr'><strong>and</strong></span> <span class='ocrx_word' id='word_1_318' title='bbox 1186 2932 1428 2985; x_wconf 83' lang='lat' dir='ltr'><strong>frequently</strong></span> <span class='ocrx_word' id='word_1_319' title='bbox 1454 2933 1500 2972; x_wconf 90' lang='lat' dir='ltr'><strong>in</strong></span> <span class='ocrx_word' id='word_1_320' title='bbox 1527 2933 1601 2972; x_wconf 90' lang='lat' dir='ltr'><strong>the</strong></span> <span class='ocrx_word' id='word_1_321' title='bbox 1629 2934 1807 2974; x_wconf 89' lang='lat' dir='ltr'><strong>medical</strong></span> 
     </span>
     <span class='ocr_line' id='line_1_37' title="bbox 149 2993 908 3046; baseline 0.001 -13"><span class='ocrx_word' id='word_1_322' title='bbox 149 2994 420 3046; x_wconf 84' lang='lat' dir='ltr'><strong>phraseology</strong></span> <span class='ocrx_word' id='word_1_323' title='bbox 437 2993 483 3033; x_wconf 87' lang='lat' dir='ltr'><strong>of</strong></span> <span class='ocrx_word' id='word_1_324' title='bbox 498 2993 628 3045; x_wconf 80' lang='lat' dir='ltr'><strong>Pliny</strong></span> <span class='ocrx_word' id='word_1_325' title='bbox 648 2993 733 3032; x_wconf 90' lang='lat' dir='ltr'><strong>and</strong></span> <span class='ocrx_word' id='word_1_326' title='bbox 751 2993 908 3034; x_wconf 85' lang='lat' dir='ltr'><strong>Celsus.</strong></span> 
     </span>
    </p>

    <p class='ocr_par' dir='ltr' id='par_1_9' title="bbox 149 3054 1807 3227">
     <span class='ocr_line' id='line_1_38' title="bbox 210 3054 1806 3106; baseline 0.001 -11"><span class='ocrx_word' id='word_1_327' title='bbox 210 3068 272 3095; x_wconf 86' lang='lat'><strong>12.</strong></span> <span class='ocrx_word' id='word_1_328' title='bbox 302 3057 577 3095; x_wconf 81' lang='lat' dir='ltr'><strong>catervatim</strong></span> <span class='ocrx_word' id='word_1_329' title='bbox 611 3057 852 3095; x_wconf 83' lang='lat' dir='ltr'><strong>cursitare.</strong></span> <span class='ocrx_word' id='word_1_330' title='bbox 909 3054 1055 3106; x_wconf 85' lang='lat' dir='ltr'><strong>Comp.</strong></span> <span class='ocrx_word' id='word_1_331' title='bbox 1075 3055 1139 3095; x_wconf 87' lang='lat' dir='ltr'><strong>ch.</strong></span> <span class='ocrx_word' id='word_1_332' title='bbox 1162 3065 1226 3106; x_wconf 84' lang='lat'><strong>39,</strong></span> <span class='ocrx_word' id='word_1_333' title='bbox 1254 3061 1363 3094; x_wconf 89' lang='lat' dir='ltr'><strong>‘non</strong></span> <span class='ocrx_word' id='word_1_334' title='bbox 1390 3055 1436 3094; x_wconf 86' lang='lat' dir='ltr'><strong>in</strong></span> <span class='ocrx_word' id='word_1_335' title='bbox 1463 3060 1652 3096; x_wconf 72' lang='lat' dir='ltr'><strong>catervas</strong></span> <span class='ocrx_word' id='word_1_336' title='bbox 1680 3057 1806 3097; x_wconf 86' lang='lat' dir='ltr'><strong>caesi-</strong></span> 
     </span>
     <span class='ocr_line' id='line_1_39' title="bbox 150 3115 1807 3170; baseline 0.001 -13"><span class='ocrx_word' id='word_1_337' title='bbox 150 3131 291 3167; x_wconf 88' lang='lat' dir='ltr'><strong>onum,</strong></span> <span class='ocrx_word' id='word_1_338' title='bbox 323 3130 458 3170; x_wconf 87' lang='lat' dir='ltr'><strong>neque</strong></span> <span class='ocrx_word' id='word_1_339' title='bbox 490 3117 536 3156; x_wconf 90' lang='lat' dir='ltr'><strong>in</strong></span> <span class='ocrx_word' id='word_1_340' title='bbox 568 3117 719 3156; x_wconf 86' lang='lat' dir='ltr'><strong>classes</strong></span> <span class='ocrx_word' id='word_1_341' title='bbox 751 3115 1129 3165; x_wconf 63' lang='lat' dir='ltr'><strong>discursationum:</strong></span> <span class='ocrx_word' id='word_1_342' title='bbox 1164 3119 1267 3165; x_wconf 76' lang='lat' dir='ltr'><strong>ete.;</strong></span> <span class='ocrx_word' id='word_1_343' title='bbox 1314 3118 1504 3158; x_wconf 85' lang='lat' dir='ltr'><strong>Juvenal</strong></span> <span class='ocrx_word' id='word_1_344' title='bbox 1534 3118 1594 3158; x_wconf 89' lang='lat' dir='ltr'><strong>iii.</strong></span> <span class='ocrx_word' id='word_1_345' title='bbox 1630 3120 1707 3170; x_wconf 85' lang='lat'><strong>278</strong></span> <span class='ocrx_word' id='word_1_346' title='bbox 1737 3119 1807 3167; x_wconf 87' lang='lat' dir='ltr'><strong>ff.;</strong></span> 
     </span>
     <span class='ocr_line' id='line_1_40' title="bbox 149 3178 690 3227; baseline 0 -8"><span class='ocrx_word' id='word_1_347' title='bbox 149 3179 262 3219; x_wconf 85' lang='lat' dir='ltr'><strong>Suet.</strong></span> <span class='ocrx_word' id='word_1_348' title='bbox 286 3179 401 3219; x_wconf 83' lang='lat' dir='ltr'><strong>Nero</strong></span> <span class='ocrx_word' id='word_1_349' title='bbox 422 3178 500 3227; x_wconf 86' lang='lat'><strong>26;</strong></span> <span class='ocrx_word' id='word_1_350' title='bbox 531 3178 631 3218; x_wconf 83' lang='lat' dir='ltr'><strong>0th</strong></span> <span class='ocrx_word' id='word_1_351' title='bbox 655 3190 690 3219; x_wconf 88' lang='lat'><strong>2.</strong></span> 
     </span>
    </p>
   </div>
   <div class='ocr_carea' id='block_1_6' title="bbox 210 3238 1374 3293">
    <p class='ocr_par' dir='ltr' id='par_1_10' title="bbox 210 3238 1374 3293">
     <span class='ocr_line' id='line_1_41' title="bbox 210 3238 1374 3293; baseline -0.001 -13"><span class='ocrx_word' id='word_1_352' title='bbox 210 3251 270 3291; x_wconf 90' lang='lat'><strong>14.</strong></span> <span class='ocrx_word' id='word_1_353' title='bbox 300 3242 400 3280; x_wconf 87' lang='lat' dir='ltr'><strong>dies</strong></span> <span class='ocrx_word' id='word_1_354' title='bbox 420 3243 688 3287; x_wconf 83' lang='lat' dir='ltr'><strong>principum</strong></span> <span class='ocrx_word' id='word_1_355' title='bbox 707 3242 889 3280; x_wconf 87' lang='lat' dir='ltr'><strong>decent.</strong></span> <span class='ocrx_word' id='word_1_356' title='bbox 946 3239 1054 3280; x_wconf 73' lang='lat' dir='ltr'><strong>Hor.</strong></span> <span class='ocrx_word' id='word_1_357' title='bbox 1065 3238 1204 3292; x_wconf 75' lang='lat' dir='ltr'><strong>Epist.</strong></span> <span class='ocrx_word' id='word_1_358' title='bbox 1223 3240 1248 3280; x_wconf 90' lang='lat' dir='ltr'><strong>i.</strong></span> <span class='ocrx_word' id='word_1_359' title='bbox 1273 3252 1309 3292; x_wconf 86' lang='lat'><strong>5.</strong></span> <span class='ocrx_word' id='word_1_360' title='bbox 1330 3252 1374 3293; x_wconf 90' lang='lat'><strong>9..</strong></span> 
     </span>
    </p>
   </div>
  </div>
 </body>
</html>
