2124 3554
246 200 347 239 Cu.
370 194 440 247 L.]
559 186 820 241 adversus
862 187 1051 240 Gentes
1074 195 1180 255 pro
1223 185 1571 242 Christianis.
1807 199 1908 251 149

248 332 307 379 de
349 348 445 394 qua
485 331 744 396 iniquitate
786 329 1016 380 saevitiae
1054 347 1151 379 non
1190 330 1333 379 modo
1374 344 1570 379 caecum
1605 329 1694 377 hoc
1733 329 1910 392 vulgus

249 415 464 462 exsultat
480 419 530 462 et
544 414 765 472 insultat,
791 413 875 462 sed
892 417 942 462 et
957 413 1156 476 quidam
1170 418 1400 472 vestrum,
1422 412 1601 475 quibus
1619 412 1757 459 favor
1773 411 1912 474 vulgi

249 495 308 543 de
340 495 598 560 iniquitate
621 499 860 560 captatur,
886 496 1173 558 gloriantur,
1199 495 1340 558 quasi
1370 512 1468 543 non
1495 498 1670 553 totum,
1698 494 1830 557 quod
1860 493 1913 539 in

250 595 337 627 nos
365 579 584 642 potestis,
607 583 828 627 nostrum
857 578 924 627 sit
957 578 1230 626 arbitrium.
1302 577 1461 634 Certe,
1488 576 1530 625 si
1560 577 1721 633 velim,
1748 574 1913 623 Chris-

249 661 414 708 tianus
438 678 545 709 sum
563 647 580 710 ε’
613 654 731 710 tunc
754 678 869 725 ergo
892 660 1259 720 medamnabis,
1279 660 1322 708 si
1346 659 1567 708 damnari
1589 658 1736 708 velim
1755 676 1767 719 3
1806 674 1913 706 cum
1931 673 1954 716 5

251 759 366 791 vero
409 743 538 806 quod
583 743 636 791 in
677 760 752 791 me
793 747 945 807 potes,
982 742 1079 791 nisi
1116 743 1277 802 velim,
1317 760 1416 790 non
1453 747 1604 806 potes,
1642 744 1745 804 jam
1781 756 1915 788 meae

251 826 516 874 voluntatis
552 832 625 874 est
660 826 790 890 quod
824 830 975 889 potes,
1002 843 1097 874 non
1132 830 1245 874 tuae
1281 825 1552 888 potestatis.
1623 823 1832 871 Proinde
1867 828 1917 870 et

251 908 428 971 vulgus
452 925 573 956 vane
599 908 659 956 de
685 913 853 957 nostra
875 908 1129 956 vexatione
1158 908 1368 971 gaudet3
1404 907 1606 971 proinde
1641 906 1771 954 enim
1807 921 1918 953 nos-

252 994 385 1038 trum
408 995 481 1038 est
503 990 750 1053 gaudium,
776 991 904 1054 quod
927 990 1020 1039 sibi
1042 990 1276 1049 vindicat,
1302 990 1387 1054 qui
1418 990 1658 1038 malumus
1682 987 1917 1045 damnari,

255 1089 402 1136 quam
437 1090 467 1121 a
502 1073 606 1121 Deo
641 1073 888 1129 excidere:
926 1077 1107 1132 contra,
1140 1073 1215 1120 illi
1251 1073 1336 1136 qui
1370 1089 1459 1121 nos
1494 1073 1716 1129 oderunt,
1742 1070 1918 1132 dolere,
1939 1097 1988 1125 10

255 1172 351 1203 non
374 1155 586 1218 gaudere
612 1155 863 1212 debebant,
888 1156 1157 1205 consecutis
1181 1156 1319 1204 nobis
1345 1156 1472 1219 quod
1496 1154 1744 1219 elegimus.

935 1362 1158 1412 CAPUT
1193 1365 1250 1411 L.

325 1468 484 1526 ERGO,
527 1465 749 1531 inquitis,
785 1485 873 1516 cur
913 1467 1176 1531 querimini
1217 1467 1345 1532 quod
1386 1485 1472 1517 vos
1514 1468 1839 1531 insequamur,
1883 1467 1926 1515 si

256 1551 362 1613 pati
379 1550 561 1610 vultis,
599 1567 710 1598 cum
744 1549 945 1613 diligere
981 1550 1195 1598 debeatis
1232 1567 1320 1613 per
1361 1567 1482 1614 quos
1524 1550 1755 1614 patimini
1795 1550 1920 1613 quod

256 1632 440 1681 vultis‘l
510 1633 657 1680 Plane
681 1633 902 1681 volumus
936 1632 1052 1696 pati,
1076 1650 1247 1681 verum
1278 1650 1332 1680 eo
1359 1650 1502 1692 more,
1530 1650 1628 1697 quo
1658 1638 1707 1681 et
1741 1633 1923 1680 bellum
1944 1660 1993 1700 15

257 1731 398 1763 nemo
423 1715 618 1778 quidem
653 1715 808 1763 libens
843 1715 1045 1778 patitur,
1071 1731 1180 1763 cum
1212 1721 1261 1763 et
1293 1716 1537 1779 trepidare
1570 1720 1620 1764 et
1654 1715 1926 1778 periclitari

258 1797 324 1846 sit
355 1814 547 1846 necesse
561 1814 574 1858 ;
610 1802 773 1846 tamen
806 1802 857 1846 et
885 1798 1154 1861 proeliatur
1177 1798 1401 1846 omnibus
1423 1798 1627 1858 viribus,
1655 1802 1705 1846 et
1727 1797 1927 1846 vincens

258 1880 312 1927 in
334 1881 517 1943 proelio
540 1880 734 1944 gaudet,
760 1880 846 1944 qui
875 1881 934 1929 de
966 1880 1151 1945 proelio
1175 1881 1486 1944 querebatur,
1511 1881 1624 1944 quia
1647 1884 1697 1928 et
1724 1880 1928 1944 gloriam

260 1963 571 2026 consequitur
605 1968 655 2010 et
691 1963 930 2027 praedam.
1004 1963 1248 2011 Proelium
1289 1967 1363 2011 est
1399 1962 1553 2021 nobis,
1591 1963 1720 2026 quod
1753 1979 1927 2027 provo-

260 2062 425 2093 camur
469 2045 532 2093 ad
575 2044 858 2104 tribunalia,
901 2051 958 2093 ut
1004 2045 1107 2094 illic
1154 2046 1244 2094 sub
1287 2045 1565 2093 discrimine
1614 2045 1790 2108 capitis
1837 2061 1926 2108 pro
1949 2070 1999 2100 20

261 2128 470 2175 veritate
505 2132 756 2175 certemus.
826 2127 1050 2175 Victoria
1085 2132 1178 2175 est.
1195 2131 1375 2186 autem,
1400 2144 1490 2190 pro
1523 2143 1617 2190 quo
1649 2126 1928 2185 certaveris,

263 2209 494 2258 obtinere.
565 2210 637 2259 Ea
669 2209 881 2259 victoria
916 2208 1076 2268 habet,
1115 2213 1165 2258 et
1205 2209 1413 2272 gloriam
1453 2208 1682 2271 placendi
1723 2209 1841 2267 Deo,
1877 2213 1929 2258 et

323 2387 358 2417 2.
387 2377 470 2415 sed
497 2378 545 2414 et
573 2376 766 2421 quidam
791 2378 1014 2424 vestrum,
1037 2376 1067 2413 i.
1082 2386 1115 2415 e.
1146 2373 1191 2413 of
1214 2373 1289 2413 the
1316 2373 1600 2425 magistrates,
1621 2377 1666 2412 to
1689 2372 1828 2412 whom
1854 2372 1928 2413 the

263 2437 457 2489 Apology
482 2436 519 2476 is
547 2435 783 2482 addressed,
810 2436 898 2475 and
924 2435 1018 2475 who
1047 2449 1119 2475 are
1147 2435 1354 2487 similarly
1382 2434 1691 2487 distinguished
1718 2434 1826 2474 from
1854 2435 1928 2475 the

267 2499 424 2551 vulqus,
444 2498 509 2538 ch.
531 2509 597 2550 35,
619 2506 684 2550 37.
1882 2527 1884 2529 .

321 2574 359 2612 3.
388 2563 522 2608 quasi
541 2573 639 2599 non
657 2564 812 2600 totum
831 2589 841 2599 .
860 2591 870 2600 .
887 2589 898 2598 .
918 2561 1191 2599 arbitrium:
1222 2560 1234 2580 ‘
1248 2571 1292 2598 as
1308 2557 1346 2597 if
1359 2557 1433 2597 the
1451 2557 1587 2597 whole
1607 2557 1653 2597 of
1666 2571 1773 2610 your
1790 2570 1929 2609 power

264 2625 432 2677 against
450 2637 499 2663 us
512 2636 622 2663 were
642 2626 718 2662 not
738 2622 974 2674 dependent
993 2635 1047 2661 on
1065 2635 1142 2661 our
1160 2634 1254 2661 own
1274 2620 1387 2660 will)
1429 2626 1438 2642 ⁶
1452 2621 1495 2659 A
1514 2634 1614 2659 man
1628 2621 1722 2660 who
1739 2621 1929 2660 becomes

264 2702 289 2727 a
308 2683 550 2735 Christian?
569 2685 808 2725 Tertullian
827 2683 966 2724 would
985 2697 1074 2735 say,
1099 2683 1327 2735 ‘perfectly
1346 2682 1628 2722 understands
1654 2682 1727 2722 the
1749 2682 1930 2734 position

265 2750 311 2788 in
330 2748 466 2789 which
483 2748 537 2788 he
556 2748 695 2799 places
720 2746 894 2786 himself
914 2746 973 2798 by
991 2759 1036 2785 so
1056 2746 1193 2798 doing.
1253 2746 1324 2784 He
1352 2745 1522 2784 chooses
1550 2749 1594 2784 to
1619 2745 1737 2796 place
1760 2743 1935 2784 himself

266 2812 312 2851 in
331 2824 436 2863 your
453 2823 604 2862 power,
628 2809 835 2849 therefore
855 2822 962 2861 your
979 2821 1119 2861 power
1148 2809 1184 2848 is
1206 2807 1380 2848 derived
1399 2807 1507 2846 from
1525 2807 1592 2846 his
1612 2805 1730 2846 will?
1784 2807 1928 2859 Comp.

264 2874 322 2914 ad
340 2872 465 2922 Scap.
490 2883 507 2910 1
531 2872 626 2911 init.

324 2946 387 2985 13.
416 2937 556 2983 Ergo,
579 2934 790 2982 inquitis,
812 2944 895 2973 cur
913 2934 1179 2979 querimini.
1237 2932 1281 2970 A
1299 2931 1483 2971 heathen
1501 2935 1647 2978 retort,
1667 2932 1797 2971 based
1817 2945 1930 2984 upon

264 2997 339 3037 the
359 3000 587 3036 statement
608 2995 653 3034 of
667 2994 741 3034 the
762 2992 1010 3033 Christians’
1030 2994 1288 3046 willingness
1311 2996 1357 3032 to
1376 2993 1524 3032 suffer:
1554 2999 1564 3015 ⁶
1577 2993 1708 3045 Why,
1727 2993 1846 3043 then,
1869 2993 1923 3032 do

265 3072 348 3112 you
367 3057 558 3111 grumble
578 3057 679 3109 (you
699 3056 808 3108 say),
830 3055 867 3095 if
883 3084 893 3094 .
915 3084 925 3095 .
948 3053 973 3096 .'

323 3132 384 3173 15.
414 3123 594 3161 bellum
630 3131 769 3158 nemo
807 3120 1008 3165 quidem.
1081 3117 1134 3157 So
1171 3117 1270 3157 God.
1306 3117 1430 3157 Fuld.
1474 3118 1559 3157 Cet.
1601 3116 1760 3156 bellum
1796 3117 1928 3156 miles.

266 3183 401 3223 Nemo
419 3183 586 3235 quippe,
606 3183 679 3221 etc.
