2124 3554
279 198 383 263 156
923 178 1211 268 Appendzbc
1246 200 1294 251 J.

308 406 701 457 S.V1Ncnwrms
737 408 1088 458 LERINENSIS:
1128 408 1603 469 COMMONITORIUM,
1641 424 1751 460 CAP.
1775 427 1928 460 xvm.

345 545 452 595 SED
467 551 518 595 et
541 547 839 596 Tertulliani
864 565 1053 612 quoque
1086 548 1256 596 eadem
1280 547 1407 597 ratio
1433 552 1507 597 est
1525 566 1539 609 ;
1574 566 1691 597 nam
1715 550 1842 600 sicut
1873 551 1959 600 ille

278 623 555 693 [Origines]
597 627 730 690 apud
766 626 993 686 Graecos,
1027 627 1098 675 ita
1136 627 1216 675 hic
1259 628 1393 692 apud
1433 627 1638 677 Latinos
1676 628 1957 679 nostrorum

274 706 495 754 omnium
518 706 657 755 facile
691 707 922 770 princeps
941 706 1236 769 judicandus
1262 711 1351 756 est.
1422 707 1556 769 Quid
1581 707 1714 756 enim
1737 709 1828 757 hoc
1852 710 1960 758 viro

276 786 501 834 doctius?
538 786 658 850 quid
694 786 746 833 in
777 786 957 834 divinis
986 791 1134 850 atque
1165 786 1394 835 humanis
1423 787 1571 836 rebus
1606 787 1960 837 exercitatiusZ

275 864 465 928 Nempe
490 882 680 914 omnem
703 865 1064 929 philosophiam
1080 870 1130 914 et
1152 870 1354 915 cunctas
1371 865 1773 930 philosophorum
1791 873 1958 926 sectas,

275 948 498 992 auctores
523 945 889 1009 adsertoresque
914 948 1168 1004 sectarum,
1189 962 1450 1010 omnesque
1469 962 1640 994 eorum
1664 945 1959 1010 disciplinas,

277 1040 468 1071 omnem
502 1023 822 1072 historiarum
857 1041 912 1072 ac
949 1023 1226 1072 studiorum
1260 1023 1564 1084 varietatem,
1590 1024 1718 1073 mira
1753 1025 1959 1089 quadam

275 1102 454 1151 mentis
489 1103 764 1167 capacitate
801 1104 1081 1168 complexus
1111 1109 1199 1153 est.
1270 1104 1478 1167 Ingenio
1514 1121 1630 1152 vero
1665 1121 1824 1152 nonne
1859 1107 1961 1153 tam

275 1182 415 1245 gravi
449 1200 503 1231 ac
537 1182 814 1231 vehementi
851 1183 1094 1242 excelluit,
1130 1188 1190 1232 ut
1226 1183 1354 1230 nihil
1391 1182 1486 1232 sibi
1509 1200 1664 1247 paene
1688 1183 1751 1231 ad
1776 1199 1962 1248 expug-

276 1262 495 1309 nandum
535 1261 850 1326 proposuerit
892 1262 1022 1326 quod
1066 1279 1167 1310 non
1205 1265 1294 1310 aut
1331 1262 1554 1311 acumine
1593 1261 1834 1326 irruperit
1874 1268 1962 1311 aut

274 1341 491 1405 pondere
538 1341 764 1390 eliserit?
835 1341 867 1389 J
871 1359 948 1390 am
996 1359 1141 1406 porro
1190 1340 1425 1390 orationis
1473 1358 1588 1390 suae
1636 1341 1805 1390 laudes
1851 1342 1962 1406 quis

274 1421 475 1486 exsequi
499 1422 698 1470 valeat?
770 1421 906 1483 Quae
931 1426 1071 1470 tanta
1094 1421 1256 1470 nescio
1281 1438 1378 1486 qua
1403 1420 1654 1470 rationum
1672 1421 1961 1470 necessitate

275 1504 500 1549 conserta
524 1507 611 1560 est,
638 1506 697 1549 ut
721 1501 785 1549 ad
813 1517 1101 1549 consensum
1131 1499 1208 1549 sui
1233 1518 1350 1564 quos
1376 1500 1579 1548 suadere
1603 1517 1703 1548 non
1726 1499 1959 1564 potuerit,

274 1579 526 1644 impellat:
566 1580 704 1644 cujus
741 1585 861 1645 quot
884 1596 1037 1644 paene
1061 1580 1225 1639 verba,
1252 1583 1329 1628 tot
1359 1578 1632 1628 sententiae
1657 1583 1774 1628 sunt
1788 1596 1801 1639 ;
1840 1584 1962 1643 quot

274 1677 458 1719 sensus,
484 1664 562 1709 tot
576 1660 837 1708 victoriae·
879 1659 1055 1709 Sciunt
1070 1659 1160 1708 hoc
1181 1658 1471 1719 Marciones,
1488 1659 1705 1722 Apelles,
1726 1659 1957 1720 Praxeae,

279 1740 626 1803 Hermogenes,
656 1740 688 1787 J
692 1739 851 1798 udaei,
880 1738 1120 1798 Gentiles,
1158 1738 1398 1799 Gnostici,
1435 1737 1711 1802 ceterique3
1751 1754 1961 1801 quorum

278 1820 363 1868 ille
398 1818 727 1883 blasphemias
762 1819 932 1868 multis
968 1836 1023 1867 ac
1059 1818 1250 1882 magnis
1282 1818 1590 1867 voluminum
1625 1833 1823 1865 suorum
1857 1835 1957 1866 mo-

277 1900 421 1960 libus,
462 1899 601 1947 velut
628 1898 921 1963 quibusdam
969 1897 1263 1946 fulminibus
1301 1896 1495 1946 evertit.
1567 1897 1635 1944 Et
1674 1900 1842 1945 tamen
1879 1896 1961 1944 hic
2042 1957 2045 1959 -

275 1996 469 2043 quoque
503 1983 614 2042 post
650 1978 769 2026 haec
805 1977 979 2036 omnia,
1017 1977 1110 2035 hic,
1147 1977 1362 2041 inquam,
1401 1975 1748 2035 Tertullianus,
1776 1975 1960 2024 Catho-

275 2057 360 2106 lici
384 2056 640 2121 dogmatis,
665 2057 696 2104 i.
712 2073 750 2105 e.
777 2055 1068 2105 universalis
1105 2073 1159 2104 ac
1191 2060 1418 2105 vetustae
1447 2054 1564 2103 fidei
1593 2070 1768 2116 parum
1796 2060 1960 2114 tenax,

276 2155 331 2185 ac
367 2136 597 2185 disertior
625 2136 797 2194 multo,
824 2152 972 2199 quam
995 2134 1198 2194 fidelior,
1229 2138 1422 2182 mutata
1457 2133 1686 2196 deinceps
1715 2133 1963 2182 sententia

276 2216 393 2264 fecit
434 2217 498 2264 ad
537 2220 824 2275 extremum,
868 2214 1001 2278 quod
1040 2214 1099 2261 de
1142 2230 1199 2262 eo
1237 2214 1410 2262 beatus
1449 2213 1691 2261 confessor
1737 2212 1963 2261 Hilarius

276 2297 488 2359 quodam
511 2296 616 2344 1000
641 2294 814 2344 scribit
835 2313 844 2343 :
882 2295 1109 2356 sequenti,
1137 2293 1316 2358 inquit,
1342 2310 1502 2342 errore
1529 2293 1741 2341 detraxit
1764 2293 1964 2357 scriptis

270 2375 601 2440 probabilibus
635 2376 984 2424 auctoritatem.
1054 2374 1124 2422 Et
1159 2374 1256 2423 suit
1289 2373 1395 2438 ipse
1425 2390 1616 2438 quoque
1652 2372 1705 2420 in
1741 2371 1960 2422 Ecclesia

276 2473 454 2520 magna
477 2455 704 2505 tentatio.
