2124 3554
252 239 354 281 cm
373 234 518 288 an]
590 225 859 279 adversus
894 224 1088 278 Gentes
1111 231 1222 292 pro‘
1263 223 1612 279 Christianis.
1815 241 1914 295 133

250 369 492 418 timendae
517 369 634 418 estis
657 368 941 432 disciplinae
969 368 1032 416 ad
1055 366 1356 416 innocentiae
1378 368 1648 417 veritatem.
1719 366 1917 430 Quanta

248 458 325 500 est
347 452 611 516 prudentia
640 451 850 500 hominis
873 451 937 499 ad
959 450 1391 498 demonstrandum
1415 449 1534 513 quid
1558 467 1672 499 vere
1701 451 1915 499 bonum?

250 538 435 596 quanta
458 533 723 582 auctoritas
746 533 809 582 ad
832 532 1156 595 exigendum?
1191 536 1294 580 tam
1324 531 1412 580 illa
1443 531 1549 580 falli
1571 532 1744 593 facilis,
1768 550 1915 597 quam

250 615 347 664 ista
381 615 636 664 contemni
705 615 871 679 Atque
906 615 1024 663 adeo
1060 613 1179 678 quid
1213 613 1406 677 plenius
1439 613 1627 662 dictum
1661 619 1768 664 est:
1817 632 1913 664 non

249 696 450 758 occides,
487 715 551 746 an
596 714 743 747 vero:
798 714 858 746 ne
905 696 1130 745 irascaris
1177 695 1407 759 quidem?
1479 695 1612 756 Quid
1653 697 1914 760 perfectius
1930 711 1953 750 5

248 778 505 841 prohibere
541 779 848 837 adulterium,
884 795 947 827 an
982 778 1134 827 etiam·
1166 777 1227 825 ab
1262 777 1509 825 oculorum
1545 778 1769 828 solitaria
1801 797 1913 828 con-

248 860 555 924 cupiscentia.-
579 864 776 911 arcere?
845 861 979 923 Quid
1012 859 1255 908 eruditius
1290 860 1350 908 de
1386 860 1635 920 maleficio,
1670 878 1736 910 an
1768 867 1821 911 et
1854 862 1913 910 de

248 943 538 1008 maleloquio
582 943 910 992 interdicere?
996 942 1129 1004 Quid
1179 942 1485 1002 instructius,
1534 943 1764 1006 injuriam
1815 962 1912 993 non

247 1025 544 1088 permittere,
568 1042 630 1074 an
653 1042 739 1074 nec
762 1024 914 1073 vicem
936 1024 1149 1087 injuriae
1183 1024 1375 1072 sinere?
1411 1024 1527 1071 dum
1552 1029 1718 1074 tamen
1753 1027 1914 1075 sciatis

247 1107 375 1171 ipsas
415 1125 604 1172 quoque
644 1108 774 1170 leges
809 1112 1006 1166 vestras,
1048 1123 1171 1169 quae
1211 1106 1443 1154 videntur
1483 1106 1545 1154 ad
1585 1107 1912 1157 innocentiam
1932 1130 1981 1157 10

247 1206 461 1253 pergere,
502 1190 562 1238 de
608 1189 774 1239 divina
818 1189 924 1252 lege
969 1195 1028 1237 ut
1073 1187 1350 1251 antiquiore
1397 1190 1601 1237 formam
1649 1196 1911 1239 mutuatas.

248 1271 474 1320 Diximus
503 1274 604 1334 jam
629 1273 688 1320 de
713 1271 862 1320 Mosis
885 1266 1101 1340 aetateJ
1130 1270 1227 1319 Sed
1251 1275 1432 1333 quanta
1457 1270 1724 1320 auctoritas
1748 1273 1910 1338 legum

245 1353 579 1414 humanarum,
623 1372 772 1418 quum
818 1354 929 1403 illas
973 1358 1024 1402 et
1070 1354 1274 1402 evadere
1321 1353 1505 1401 homini
1553 1355 1821 1419 contingat,
1862 1362 1911 1404 et

244 1436 528 1501 plerumque
564 1437 613 1484 in
649 1437 868 1486 admissis
904 1437 1198 1495 delitescere,
1225 1442 1274 1484 et
1309 1435 1570 1499 aliquando
1607 1442 1912 1487 contemnere

246 1535 308 1566 ex
347 1519 600 1568 voluntate
634 1519 711 1567 vel
753 1518 1035 1569 necessitate
1078 1518 1409 1582 delinquendi,
1453 1519 1723 1583 recogitata
1764 1521 1910 1570 etiam
1931 1541 1977 1580 15

243 1584 483 1649 brevitate
519 1601 748 1665 supplicii
783 1602 1056 1664 cujuslibet,
1094 1617 1193 1648 non
1227 1605 1391 1648 tamen
1426 1601 1557 1649 ultra
1592 1606 1797 1650 mortem
1836 1621 1910 1652 re-

244 1682 493 1731 mansuri?
564 1683 646 1732 Sic
686 1689 736 1732 et
775 1683 1018 1746 Epicurus
1059 1699 1242 1730 omnem
1288 1681 1557 1730 cruciatum
1604 1684 1912 1749 doloremque

243 1765 496 1828 depretiat,
535 1765 781 1814 modicum
827 1766 1024 1829 quidem
1071 1765 1488 1828 contemptibilem
1535 1767 1910 1829 pronuntiando,

243 1863 474 1910 magnum
495 1864 610 1896 vero
645 1865 743 1896 non
778 1848 1080 1896 diuturnum.
1152 1847 1416 1896 Enimvero
1451 1865 1539 1896 nos
1574 1849 1660 1912 qui
1694 1850 1783 1898 sub
1809 1851 1911 1899 Deo

243 1928 460 1977 omnium
499 1930 798 1993 speculatore
841 1929 1199 1993 dispungimur,
1240 1930 1422 1993 quique
1462 1936 1709 1979 aeternam
1751 1933 1813 1980 ab
1854 1950 1910 1981 eo
1928 1956 1979 1982 20

244 2026 445 2073 poenam
480 2011 801 2074 providemus,
838 2011 1013 2059 merito
1049 2012 1142 2060 soli
1176 2011 1484 2060 innocentiae
1520 2013 1832 2073 occurrimus,
1859 2020 1908 2063 et

244 2109 333 2156 pro
369 2092 597 2141 scientiae
631 2093 953 2158 plenitudine,
987 2098 1038 2141 et
1072 2111 1161 2157 pro
1196 2095 1491 2143 latebrarum
1527 2095 1826 2155 difficultate,
1857 2103 1905 2146 et

303 2235 366 2263 12.
398 2225 616 2263 Diximus
632 2226 730 2270 jam
749 2226 806 2263 de
827 2226 977 2264 Mosis
998 2229 1162 2264 aetate.
1221 2225 1298 2264 Oh.
1323 2235 1386 2278 19.

302 2296 366 2334 13.
396 2288 651 2332 contingat.
712 2285 789 2325 See
808 2290 920 2335 note,
938 2286 1003 2326 ch.
1025 2297 1074 2337 19
1081 2287 1206 2338 fray.

303 2357 320 2384 1
331 2354 365 2397 7.
396 2349 630 2392 Epicurus
648 2359 834 2386 omnem
852 2350 1125 2388 cruciatum.
1164 2348 1305 2401 Comp.
1321 2348 1476 2388 Seneca
1491 2348 1602 2401 Epp.
1620 2361 1660 2402 9,
1673 2348 1740 2401 66,
1760 2353 1770 2371 ‘
1785 2350 1906 2390 dulce

244 2411 309 2447 est
329 2408 513 2460 torqueri
526 2406 537 2425 '
551 2421 562 2457 ;
590 2407 811 2448 Lucretius
829 2408 888 2449 iii.
912 2410 992 2460 879
1012 2409 1057 2449 ff.
1077 2423 1087 2448 :

437 2485 447 2505 ‘
462 2482 582 2523 Scire
603 2484 706 2523 licet
733 2484 855 2524 nobis
883 2483 992 2523 nihil
1021 2497 1111 2524 esse
1139 2485 1186 2523 in
1212 2489 1347 2525 morte
1374 2486 1637 2526 timendum:

461 2545 505 2584 N
508 2558 554 2584 ec
581 2545 778 2585 miserum
806 2545 910 2596 fieri,
940 2546 1014 2598 qui
1044 2559 1130 2585 non
1158 2550 1223 2586 est
1250 2560 1392 2598 posse:
1424 2560 1560 2599 neque
1587 2548 1722 2587 hilum

461 2605 654 2655 Differre,
686 2620 742 2645 an
770 2607 888 2646 nullo
916 2607 1044 2647 fuerit
1071 2608 1158 2660 jam
1186 2612 1373 2660 tempore
1401 2614 1541 2657 natus,

460 2668 689 2708 Mortalem
715 2669 849 2708 vitam
876 2682 986 2708 mors
1017 2669 1086 2708 cui
1114 2669 1364 2709 immortalis
1393 2669 1579 2711 ademit?

304 2749 365 2787 18.
396 2750 652 2794 depretiat:
676 2750 687 2769 ‘
701 2746 981 2800 disregards’;
1010 2762 1036 2788 a
1053 2749 1288 2800 post-class.
1308 2749 1424 2788 word
1438 2749 1569 2788 found
1582 2749 1629 2788 in
1643 2750 1717 2790 the
1733 2751 1903 2803 Digests

243 2811 291 2850 in
319 2811 375 2850 its
401 2810 544 2849 literal
574 2810 854 2861 signification
867 2823 878 2859 ;
907 2810 1256 2863 metaphorically
1275 2823 1320 2850 as
1343 2811 1456 2860 here,
1480 2815 1490 2832 ‘
1504 2815 1548 2850 to
1566 2812 1688 2850 make
1706 2812 1816 2864 light
1833 2811 1903 2861 of,'

243 2873 386 2912 Sidon.
409 2872 535 2924 Apol.
556 2872 668 2924 Epp.
690 2872 733 2911 ii.
759 2883 819 2911 10.

302 2946 365 2974 20.
395 2936 604 2974 omnium
623 2936 914 2979 speculatore
934 2947 944 2973 z
973 2935 983 2955 ‘
999 2933 1109 2972 Who
1129 2933 1373 2974 scrutinizes
1392 2934 1451 2973 all
1469 2932 1638 2986 things.’

351 2998 708 3042 dispungimur:
738 2997 825 3034 ‘we
849 2994 944 3034 who
968 3008 1038 3034 are
1066 2993 1288 3047 weighed,'
1309 2995 1548 3043 estimated‚
1568 2996 1699 3035 taken
1727 3002 1903 3037 account

243 3056 291 3096 of
299 3070 310 3104 ;
338 3069 406 3096 see
431 3060 531 3096 note
559 3070 614 3096 on
642 3056 891 3107 dispunctio,
913 3055 976 3095 ch.
1001 3057 1078 3104 18;
1106 3057 1190 3095 and
1217 3070 1348 3108 comp.
1381 3057 1476 3096 adv.
1500 3057 1642 3097 Marc.
1663 3058 1718 3098 iv.
1748 3067 1812 3111 17,
1832 3060 1844 3080 ‘
1859 3059 1902 3098 Si

245 3131 272 3157 a
288 3119 496 3166 creatore,
519 3122 569 3158 ut
588 3132 613 3157 a
629 3118 767 3171 judice
787 3122 830 3157 et
849 3118 1114 3169 dispunctore
1133 3117 1407 3168 meritorum,'
1429 3122 1502 3158 etc.

302 3191 366 3221 21.
395 3183 692 3221 occurrimus.
750 3181 892 3232 Comp.
912 3181 986 3220 the
1010 3193 1083 3220 use
1112 3180 1158 3220 of
1176 3180 1262 3220 this
1282 3181 1385 3220 verb
1411 3180 1457 3220 in
1475 3181 1549 3221 the
1568 3182 1696 3234 Vulg.
1714 3182 1821 3234 Eph.
1841 3183 1895 3222 iv,

249 3250 324 3291 133
352 3241 460 3281 Phil.
484 3242 545 3282 iii,
570 3252 632 3282 11.
