2124 3554
194 267 442 320 CAP.X1X.]
510 258 770 312 adversus
813 257 1006 310 Gentes
1030 266 1137 325 pro
1181 255 1528 310 Chrzzctiam‘s.
1790 255 1857 318 69

192 403 474 452 retrosiores
521 402 953 467 deprehenduntur
999 400 1302 464 primoribus
1340 398 1517 448 vestris
1558 397 1860 462 sapientibus

192 491 243 534 et
278 485 492 549 legiferis
537 490 588 533 et
633 484 894 533 historicis.
965 483 1101 531 Haec
1142 481 1318 545 quibus
1366 480 1620 529 ordinibus
1660 480 1860 544 probari

191 569 391 633 possint,
416 585 514 615 non
549 572 650 621 tam
674 565 874 629 difficile
908 569 984 614 est
1017 564 1158 613 nobis
1194 580 1446 627 exponere,
1466 580 1614 626 quam
1650 579 1857 620 enorme,

190 667 279 700 nec
301 651 527 709 arduum,
555 650 640 698 sed
662 648 860 697 interim
882 648 1098 711 longum.
1172 646 1349 694 Multis
1374 644 1725 705 instrumentis,
1748 662 1859 693 cum

191 733 455 797 digitorum
479 730 781 796 supputariis
806 730 1057 794 gesticulis
1083 729 1397 777 assidendum
1421 733 1510 778 est.
1583 727 1860 777 Reseranda
1876 739 1898 779 5

191 814 642 878 antiquissimarum
667 813 813 862 etiam
842 812 1064 876 gentium
1079 811 1291 871 archiva,
1318 810 1693 875 Aegyptiorum,
1714 810 1859 859 Chal-

190 898 433 955 daeorum,
476 896 804 955 Phoenicum3
859 894 1126 943 advocandi
1169 893 1317 942 etiam
1355 892 1628 957 municipes
1675 909 1858 952 eorum,

189 996 276 1043 per
334 995 453 1042 quos
510 977 691 1025 notitia
759 975 1132 1025 subministrata
1197 979 1299 1035 est3
1371 975 1529 1039 aliqui
1588 974 1861 1023 Manethon

189 1060 478 1125 Aegyptius,
514 1066 564 1108 et
611 1060 819 1107 Berosus
867 1058 1153 1118 Chaldaeus,
1193 1058 1278 1106 sed
1326 1063 1375 1106 et
1415 1058 1609 1106 Iromus
1641 1057 1861 1126 Phoenix

188 1143 310 1207 Tyri
345 1159 460 1203 rex3
501 1145 762 1190 sectatores
785 1157 976 1205 quoque
1013 1157 1180 1188 eorum
1215 1140 1498 1189 Mendesius
1532 1139 1857 1199 Ptolemaeus,
1880 1163 1930 1191 10

189 1231 240 1274 et
265 1225 532 1273 Menander
555 1223 811 1287 Ephesius,
839 1228 890 1272 et
917 1222 1198 1271 Demetrius
1224 1222 1503 1283 PhalereuS‚
1524 1226 1576 1272 et
1600 1239 1690 1271 rex
1708 1222 1740 1270 J
1745 1222 1857 1279 uba,

189 1312 239 1355 et
262 1307 477 1371 Appion,
503 1310 554 1354 et
588 1306 803 1366 Thallus,
830 1309 882 1354 et
917 1304 1003 1368 qui
1033 1304 1153 1353 istos
1189 1310 1278 1353 aut
1312 1304 1489 1367 probat
1522 1309 1610 1354 aut
1637 1303 1859 1362 revincit,

188 1389 222 1436 J
226 1390 407 1437 udaeus
419 1389 452 1437 J
456 1389 662 1452 osephus
677 1387 1035 1452 antiquitatum
1042 1386 1075 1435 J
1077 1387 1357 1435 udaicarum
1369 1388 1656 1436 vernaculus
1665 1386 1860 1435 vindex.

191 1471 484 1539 Qraecorum
519 1471 667 1519 etiam
697 1470 946 1519 censuales
970 1469 1263 1529 conferendi,
1288 1475 1339 1518 et
1369 1486 1492 1533 quae
1525 1470 1718 1534 quando
1762 1469 1863 1517 sint

187 1558 340 1615 gesta,
379 1559 437 1601 ut
473 1552 893 1601 concatenationes
934 1555 1209 1615 temporum
1255 1552 1556 1614 aperiantur,
1598 1569 1688 1615 per
1733 1568 1859 1615 quae
1878 1573 1926 1615 15

187 1635 380 1683 luceant
414 1635 663 1684 annalium
697 1634 902 1684 numeri.
975 1633 1392 1697 Peregrinandum
1428 1637 1502 1682 est
1536 1633 1591 1682 in
1630 1633 1860 1683 historias

188 1721 238 1765 et
274 1717 465 1766 litteras
502 1717 650 1766 orbis.
720 1717 790 1764 Et
826 1721 990 1764 tamen
1026 1716 1167 1778 quasi
1198 1720 1388 1779 partem
1417 1717 1521 1780 jam
1557 1715 1860 1780 probationis

187 1798 456 1859 intulimus,
474 1816 623 1863 quum
647 1816 734 1863 per
757 1815 881 1862 quae
903 1798 1101 1861 probari
1119 1798 1320 1862 possint,
1337 1800 1646 1862 aspersimus,
1674 1799 1859 1847 Verum

188 1880 381 1929 differre
415 1886 649 1945 praestat,
685 1898 747 1929 ne
770 1881 850 1929 vel
884 1880 1046 1929 minus
1081 1897 1431 1944 persequamur
1466 1881 1755 1941 festinando,
1780 1881 1859 1930 vel

187 1961 375 2012 diutius
397 1980 657 2027 evagemur
679 1962 1025 2027 persequendo·
1876 1983 1929 2011 20

245 2091 281 2118 2.
310 2082 574 2120 historicis:
607 2077 905 2127 ‘historiam’;
936 2092 981 2119 so
1007 2080 1153 2119 Cicero
1171 2092 1265 2119 uses
1288 2079 1363 2119 the
1381 2079 1497 2119 word
1520 2079 1682 2131 Topica
1704 2091 1768 2120 20.
1789 2080 1858 2131 78,

189 2143 201 2161 ‘
217 2144 400 2181 oratores
420 2146 463 2181 et
481 2141 748 2194 philosophos
768 2146 812 2182 et
830 2145 975 2194 poetas
996 2145 1040 2181 et
1058 2141 1305 2190 historicos;
1334 2155 1385 2181 ex
1405 2155 1584 2193 quorum
1604 2146 1647 2182 et
1667 2142 1792 2181 dictis
1812 2146 1855 2180 et

188 2202 354 2255 scriptis
383 2216 503 2254 saepe
531 2203 797 2243 auctoritatis
824 2204 985 2255 petitur
1011 2204 1067 2243 ad
1094 2202 1329 2243 faciendam
1356 2203 1483 2243 fidem
1496 2202 1508 2221 '
1522 2218 1534 2254 ;
1562 2203 1647 2243 and
1665 2204 1857 2244 Juvenal

188 2277 261 2304 vn.
285 2275 374 2315 104.

243 2337 282 2376 4.
313 2327 483 2365 Multis
503 2327 832 2365 instrumentis
854 2356 864 2365 .
888 2356 899 2366 .
921 2356 931 2366 .
954 2327 1258 2365 assidendum
1286 2330 1372 2366 est.
1430 2331 1441 2347 ‘
1454 2326 1535 2365 We
1561 2330 1676 2366 must
1701 2326 1854 2366 betake

190 2388 401 2427 ourselves
421 2392 466 2427 to
483 2401 611 2440 many
631 2387 875 2427 documents
893 2387 998 2427 with
1017 2388 1213 2428 intricate
1232 2385 1532 2428 calculatione?

244 2448 282 2488 6.
317 2452 520 2490 archiva.
588 2449 632 2488 A
677 2450 910 2501 post-class.
943 2448 1169 2489 ποι-ἁπτὰ
1207 2449 1364 2499 ἀρχεῖα,
1403 2453 1416 2471 ‘
1432 2450 1506 2490 the
1554 2448 1772 2500 archives‚'
1809 2464 1856 2490 or

191 2513 202 2532 ‘
217 2515 328 2551 state
346 2524 495 2563 papers
509 2509 520 2526 ’
536 2523 547 2559 3
570 2511 733 2550 termed
753 2512 764 2531 ‘
779 2511 1064 2550 instrumenta
1083 2508 1278 2563 imperii‚’
1297 2510 1446 2562 Soorp.
1472 2521 1534 2562 15.

247 2580 282 2624 7.
313 2574 576 2612 advocandi
605 2574 748 2611 etiam
775 2573 1038 2619 municipes
1068 2584 1243 2612 eorum.
1314 2575 1325 2594 ‘
1340 2572 1420 2611 We
1447 2577 1561 2612 must
1589 2586 1781 2612 summon
1808 2578 1854 2614 to

189 2648 265 2674 our
294 2634 367 2673 aid
398 2634 473 2673 the
506 2633 941 2686 fellow-countrymen
974 2633 1020 2673 of
1046 2633 1166 2673 those
1197 2634 1305 2672 from
1334 2633 1473 2674 whom
1506 2648 1581 2674 our
1608 2635 1854 2688 knowledge

189 2697 225 2735 is
253 2695 418 2748 gained,
433 2709 458 2735 a
486 2695 692 2735 Manetho
720 2694 827 2734 from
845 2695 1019 2748 Aegypt
1033 2725 1043 2734 .
1065 2724 1075 2735 .
1098 2693 1121 2735 .’
1163 2695 1247 2734 For
1267 2695 1352 2735 this
1372 2709 1446 2735 use
1465 2695 1511 2735 of
1529 2697 1770 2749 municipes,
1790 2711 1851 2749 cp.

188 2758 378 2798 Juvenal
397 2758 453 2797 iv.
476 2768 553 2808 33;
582 2758 666 2797 xiv.
692 2764 794 2809 2713
824 2757 968 2797 Cicero
987 2758 1111 2797 Brut.
1136 2764 1199 2808 70.
1226 2756 1316 2808 246.

248 2831 309 2860 10.
339 2825 616 2860 sectatores:
649 2820 784 2859 ‘their
802 2820 1011 2871 disciples,
1029 2817 1126 2860 too.’

248 2893 309 2920 12.
341 2884 549 2921 Thallus.
598 2881 700 2921 This
715 2881 922 2921 historian
937 2893 1023 2920 was
1041 2880 1283 2921 mentioned
1300 2880 1444 2931 above,
1457 2880 1578 2933 frag„
1595 2882 1680 2922 and
1694 2882 1758 2922 ch.
1779 2893 1854 2932 103

190 2943 274 2984 and
291 2943 357 2983 his
376 2944 584 2996 Assyrian
601 2943 765 2995 history
783 2943 820 2982 is
838 2942 1022 2983 referred
1038 2947 1084 2983 to
1102 2943 1298 2983 Lactant.
1320 2943 1346 2982 i.
1373 2954 1423 2993 23
1439 2956 1448 2991 ;
1477 2957 1538 2994 cp.
1555 2942 1611 2983 ib.
1636 2955 1712 2995 143
1741 2944 1851 2984 Min.

190 3006 280 3045 Fel.
304 3017 379 3054 223
407 3005 562 3045 Euseb.
577 3018 726 3056 praep.
747 3006 914 3056 Evanq.
933 3019 974 3044 x.
999 3018 1043 3052 1;
1071 3006 1184 3045 Tert.
1206 3005 1263 3044 ad
1282 3004 1386 3044 Nat.
1409 3005 1451 3044 ii.
1476 3016 1538 3044 12.

299 3073 348 3107 et
376 3070 459 3115 qui
497 3069 615 3107 istos
651 3070 832 3114 probat.
890 3068 902 3088 ‘
915 3067 1019 3107 And
1047 3067 1161 3107 their
1188 3067 1309 3107 critic
1336 3067 1367 3106 J
1371 3067 1561 3119 osephus,
1589 3066 1684 3107 who
1717 3067 1854 3108 either

190 3129 381 3168 confirms
400 3129 512 3168 their
530 3132 728 3168 accounts
748 3142 794 3167 or
811 3128 998 3168 convicts
1019 3128 1138 3169 them
1158 3128 1205 3168 of
1219 3126 1357 3168 error?

251 3200 310 3240 14.
340 3192 593 3230 censuales.
650 3190 695 3229 A
716 3189 826 3242 legal
845 3193 953 3229 term
972 3189 1017 3229 of
1030 3189 1118 3230 late
1146 3203 1234 3240 use,
1255 3192 1265 3212 ‘
1278 3189 1352 3229 the
1371 3186 1547 3229 censor’s
1565 3188 1659 3230 lists
1674 3187 1710 3240 ’3
1738 3202 1854 3229 more

192 3251 374 3305 usually,
395 3256 406 3275 ‘
421 3252 494 3293 the
514 3253 733 3306 compilers
753 3253 798 3293 of
811 3252 887 3293 the
905 3251 1026 3293 lists.’
