2124 3554
203 235 301 274 cu.
319 227 494 281 XXIIL]
567 219 829 273 adversus
871 219 1194 288 Gentes'pro
1239 217 1584 272 Christianis.
1801 218 1867 285 87

201 366 558 414 demonstrator
602 364 699 412 alia
747 363 826 412 die
878 361 1127 412 morituris
1175 361 1403 410 Socordio
1444 365 1494 410 et
1534 361 1774 410 Thanatio
1821 368 1872 409 et

201 447 542 511 Asclepiodoto
557 446 687 495 vitae
712 443 1303 504 sumministrator,—-nisi
1322 461 1371 492 se
1395 444 1649 492 daemones
1668 442 1872 491 confessi

200 529 397 586 fuerint,
417 527 695 577 Christiano
718 527 916 581 mentiri
940 543 1037 574 non
1066 526 1314 583 audentes,
1339 525 1521 574 ibidem
1545 525 1680 572 illius
1706 524 1871 572 Chris-

199 611 325 660 tiani
348 610 677 674 procacissimi
701 608 984 673 sanguinem
1006 608 1212 656 fundite.
1273 607 1406 668 Quid
1430 608 1528 656 isto
1548 624 1691 670 opere
1720 606 1871 654 mani-

200 693 409 741 festius‘l
443 692 561 756 quid
583 692 670 739 hac
694 691 976 755 probatione
1001 690 1225 738 fidelius‘l
1262 689 1550 753 simplicitas
1569 688 1796 738 veritatis
1819 687 1871 735 in
1889 707 1910 748 5

201 775 365 823 medio·
394 779 500 834 est3
556 773 715 822 virtus
749 773 825 820 illi
861 790 949 822 sua
984 772 1204 831 assistit3
1251 772 1375 819 nihil
1412 771 1648 834 suspicari
1688 770 1870 819 licebit.

201 857 367 921 Magia
391 863 478 905 aut
500 856 664 918 aliqua
689 855 921 918 ejusmodi
945 854 1135 902 fallacia
1158 853 1266 902 fieri
1291 853 1480 912 dicetis,
1501 853 1542 901 si
1567 852 1697 902 oculi
1720 852 1874 901 vestri

201 943 252 987 et
287 956 428 987 aures
463 938 774 1003 permiserint
810 937 958 986 vobis.
1029 937 1162 997 Quid
1197 941 1362 985 autem
1402 935 1550 984 inniti
1594 940 1758 999 potest
1793 935 1871 982 ad·

201 1037 369 1071 versus
393 1021 458 1079 id,
484 1021 612 1084 quod
636 1020 912 1069 ostenditur
935 1020 1068 1068 nuda
1092 1018 1377 1068 sinceritate
1398 1021 1414 1067 ‘l
1474 1019 1528 1067 Si
1552 1019 1709 1067 altera
1733 1022 1872 1081 parte

201 1122 315 1152 vere
351 1103 421 1151 dii
457 1108 586 1163 sunt,
623 1120 709 1151 cur
744 1111 843 1151 sese
879 1101 1131 1158 daemonia
1167 1101 1509 1149 mentiuntur‘l
1546 1118 1610 1149 an
1642 1105 1701 1148 ut
1738 1099 1874 1147 nobis
1893 1116 1943 1144 10

202 1187 565 1249 obsequantur?
634 1185 667 1233 J
669 1201 749 1232 am
783 1200 897 1247 ergo
931 1184 1149 1246 subjecta
1188 1188 1261 1232 est
1305 1182 1600 1231 Christianis
1639 1181 1875 1230 divinitas

202 1272 396 1327 vestra3
449 1284 536 1315 nec
574 1266 747 1330 utique
789 1265 1023 1314 divinitas
1062 1265 1344 1327 deputanda
1385 1270 1471 1324 est,
1515 1282 1637 1327 quae
1677 1263 1876 1312 subdita

203 1356 277 1399 est
315 1349 515 1409 homini,
551 1353 602 1398 et
643 1349 685 1397 si
724 1348 844 1412 quid
878 1348 942 1396 ad
977 1347 1182 1396 dedecus
1218 1347 1353 1405 facit,
1391 1347 1595 1395 aemulis
1634 1346 1746 1395 suis.
1821 1345 1876 1394 Si

203 1433 356 1480 altera
390 1436 529 1495 parte
564 1431 818 1479 daemones
853 1434 968 1478 sunt
991 1429 1069 1478 vel
1105 1429 1280 1492 angeli,
1307 1446 1394 1477 cur
1426 1446 1476 1477 se
1508 1427 1626 1476 alibi
1661 1445 1749 1492 pro
1782 1426 1876 1475 diis

203 1531 347 1577 agere
383 1514 708 1576 respondenti
777 1513 907 1560 Nam
946 1512 1073 1560 sicut
1108 1512 1197 1572 illi,
1239 1512 1331 1581 qui⁸
1363 1511 1434 1559 dii
1468 1511 1725 1569 habentur,
1763 1510 1874 1557 dae·
1895 1536 1941 1577 15

204 1581 367 1645 mones
403 1612 452 1644 se
488 1595 645 1644 dicere
680 1595 965 1654 noluissent,
992 1594 1034 1643 si
1057 1612 1169 1643 vere
1199 1594 1266 1642 dii
1300 1598 1474 1652 essent,
1500 1593 1697 1651 scilicet,
1723 1610 1784 1640 ne
1816 1592 1876 1640 de

203 1681 454 1740 maJ'estate
489 1694 539 1726 se
574 1678 898 1741 deponerent:
937 1676 1007 1724 ita
1042 1681 1093 1725 et
1126 1676 1228 1735 isti,
1254 1693 1375 1739 quos
1399 1675 1584 1723 directo
1618 1675 1876 1723 daemones

204 1760 370 1818 nostis,
397 1776 493 1808 non
517 1760 755 1807 auderent
778 1759 898 1807 alibi
922 1776 1010 1823 pro
1034 1759 1130 1807 diis
1154 1775 1308 1821 agere,
1337 1758 1379 1807 si
1404 1758 1561 1821 aliqui
1585 1757 1781 1805 omnino
1807 1755 1877 1803 dii

204 1847 375 1901 essent,
413 1858 621 1904 quorum
656 1840 932 1889 nominibus
967 1845 1182 1889 utuntur
1194 1857 1207 1900 3
1252 1845 1537 1889 vererentur
1572 1839 1702 1888 enim
1738 1837 1877 1887 abuti

204 1925 456 1986 majestate
480 1923 786 1987 superiorum
809 1922 910 1971 sine
934 1924 1080 1971 dubio
1105 1929 1154 1971 et
1178 1922 1519 1970 timendorum.
1580 1921 1718 1969 Adeo
1741 1920 1876 1968 nulla
1895 1945 1947 1974 20

205 2011 280 2054 est
314 2005 545 2053 divinitas
579 2005 675 2053 ista
712 2022 859 2069 quam
892 2005 1084 2066 tenetis,
1113 2005 1228 2068 quia
1264 2004 1306 2052 si
1340 2010 1478 2062 esset,
1509 2020 1664 2066 neque
1700 2021 1729 2051 a
1766 2003 1877 2050 dae-

207 2087 380 2135 moniis
426 2087 750 2147 affectaretur,
802 2104 958 2150 neque
1003 2105 1033 2136 a
1084 2087 1178 2134 diis
1225 2091 1503 2150 negaretur.
1589 2085 1713 2133 Cum
1761 2101 1878 2147 ergo

207 2174 415 2231 utraque
453 2185 566 2232 pars
603 2169 848 2217 concurrit
890 2170 943 2216 in
984 2168 1346 2227 confessionem,
1384 2168 1497 2215 deos
1539 2183 1640 2215 esse
1679 2183 1876 2229 negans,

208 2250 452 2314 agnoscite
486 2268 640 2297 unum
675 2267 826 2314 genus
858 2267 975 2311 esse,
1003 2249 1055 2297 id
1080 2254 1154 2298 est
1178 2250 1448 2298 daemonas.
1517 2249 1707 2299 Verum
1739 2252 1877 2296 utro-

208 2333 354 2396 bique
389 2331 492 2395 jam
526 2333 638 2380 deos
674 2331 918 2395 quaerite;
956 2349 1076 2395 quos
1112 2331 1241 2379 enim
1276 2330 1726 2394 praesumpseratis,
1765 2330 1876 2377 dae·
1897 2352 1946 2393 25

209 2430 374 2462 monas
399 2431 500 2461 esse
524 2413 821 2476 cognoscitis.
893 2413 1077 2461 Eadem
1100 2430 1217 2461 vero
1242 2429 1385 2475 opera
1416 2417 1581 2460 nostra
1613 2412 1673 2459 ab
1698 2411 1879 2459 eisdem

211 2495 305 2544 diis
339 2494 515 2543 vestris
551 2512 649 2543 non
683 2499 879 2544 tantum
914 2495 1002 2543 hoc
1037 2494 1391 2559 detegentibus,
1427 2493 1559 2557 quod
1593 2509 1748 2556 neque
1783 2492 1881 2556 ipsi

211 2667 350 2708 ferred
376 2671 420 2707 to
447 2668 498 2707 de
523 2669 615 2707 test.
636 2667 763 2707 anim.
789 2678 825 2715 2,
846 2672 856 2688 ‘
871 2666 947 2706 sub
966 2666 1222 2718 Aesculapio
1247 2663 1393 2716 stans,'
1413 2668 1489 2705 ete.
1509 2679 1519 2714 ς
1548 2666 1584 2705 it
1607 2665 1742 2714 stood,
1762 2678 1807 2704 as
1834 2665 1880 2704 in

211 2730 283 2770 old
301 2729 523 2781 Carthage‚
543 2742 598 2768 on
621 2729 695 2768 the
714 2729 890 2782 Byrsine
908 2728 1001 2778 hill,
1022 2728 1184 2780 though
1202 2727 1276 2767 the
1297 2727 1451 2779 special
1470 2727 1559 2766 cult
1584 2727 1630 2766 of
1653 2726 1737 2766 this
1762 2726 1881 2778 deity

211 2792 296 2831 had
323 2805 417 2831 now
445 2791 572 2843 given
598 2791 716 2843 place
744 2794 789 2830 to
817 2790 915 2830 that
943 2790 989 2829 of
1012 2791 1043 2830 J
1048 2790 1369 2829 uno-Caelestis.
1426 2788 1578 2828 Strabo
1607 2788 1708 2828 xvii.
1737 2799 1775 2839 3.
1801 2799 1876 2839 153

211 2854 393 2906 Appian.
414 2854 501 2893 viii.
528 2863 593 2903 3ο.

271 2926 306 2955 1.
341 2917 435 2954 alia
463 2917 540 2953 die
570 2915 841 2953 morituris:
883 2912 1010 2965 ‘only
1038 2916 1084 2952 to
1112 2912 1181 2952 die
1209 2912 1337 2964 again
1364 2915 1602 2951 to-morrow
1618 2908 1657 2959 ';
1700 2910 1765 2950 for
1793 2910 1880 2950 this

214 2990 287 3016 use
315 2976 361 3016 of
384 2977 478 3016 alia
507 2976 578 3015 die
607 2988 675 3015 see
704 2974 880 3027 Capitol.
907 2974 1062 3014 Anton.
1085 2974 1198 3013 Pius
1225 2984 1287 3023 12,
1313 2976 1461 3013 ‘nocte
1489 3003 1499 3013 .
1525 3002 1534 3013 .
1556 3002 1566 3013 .
1589 2972 1674 3012 alia
1703 2972 1772 3012 die
1802 3002 1811 3012 .
1836 3003 1845 3012 .
1870 3001 1880 3011 .

213 3038 341 3078 tertia
360 3037 428 3077 die
442 3037 479 3086 '3
508 3037 737 3076 Max-imin.
762 3043 838 3087 173
865 3035 987 3076 Treb.
1012 3035 1116 3075 Poll.
1139 3039 1219 3088 tyr.
1241 3036 1341 3087 triy.
1365 3034 1403 3083 8,
1423 3037 1436 3055 ‘
1453 3047 1538 3073 una
1564 3033 1632 3072 die
1658 3032 1796 3073 factus
1817 3037 1881 3072 est

214 3099 456 3150 imperator,
474 3099 558 3138 alia
578 3098 646 3138 die
664 3098 780 3137 visus
799 3100 865 3136 est
884 3096 1101 3148 imperare,
1121 3096 1251 3136 tertia
1270 3097 1550 3147 interemptus
1569 3092 1662 3134 est.'
1863 3131 1869 3139 ,

273 3172 336 3211 24.
366 3163 542 3201 verum
566 3162 817 3206 utrobique
841 3161 938 3205 jam
956 3161 1069 3197 deos
1089 3160 1313 3205 quaerite.
1364 3160 1376 3179 ‘
1394 3158 1460 3198 On
1481 3157 1617 3197 either
1635 3155 1880 3209 hypothesis

215 3235 299 3275 you
316 3226 431 3263 must
450 3222 547 3262 look
566 3226 641 3264 out
660 3221 725 3261 for
744 3234 856 3261 some
875 3219 988 3261 fresh
1006 3218 1136 3272 gods!
