2124 3554
211 221 310 259 Cn.
330 213 551 266 XXXV1.]
601 206 864 259 adversus
908 205 1103 257 Gentes
1130 213 1231 272 pro
1276 203 1623 258 Christianis.
1770 220 1868 273 113

210 341 419 411 augures
443 353 494 397 et
522 366 684 412 magos
707 349 766 396 de
792 348 1055 396 Caesarum
1091 347 1249 411 capite
1274 348 1564 406 consultant,
1592 364 1710 410 quas
1746 353 1876 396 artes

210 435 267 478 ut
295 431 356 480 ab
387 431 574 494 angelis
605 430 929 480 desertoribus
958 430 1177 493 proditas
1214 434 1263 477 et
1298 447 1326 476 a
1361 430 1464 478 Deo
1497 429 1788 478 interdictas
1816 447 1875 477 ne

211 513 310 562 suis
344 513 538 577 quidem
576 514 757 562 caussis
795 513 1030 561 adhibent
1063 511 1350 560 Christiani.
1426 511 1521 559 Cui
1557 517 1720 559 autem
1756 529 1876 574 opus

209 601 284 644 est
329 596 635 658 perscrutari,
661 583 807 659 super
849 595 1074 644 Caesaris
1116 595 1287 653 salute,
1331 593 1426 642 nisi
1476 611 1506 641 a
1548 610 1642 656 quo
1688 586 1878 656 aliquid

209 678 440 727 adversus
464 679 599 727 illam
623 679 866 741 cogitatur
889 678 968 726 vel
993 682 1209 741 optatur,
1237 681 1325 724 aut
1349 680 1461 739 post
1493 675 1627 723 illam
1653 680 1878 738 speratur
1895 694 1929 733 5⁷

210 764 260 807 et
286 760 590 810 sustinetur?
660 761 775 808 Non
797 759 926 807 enim
962 777 1016 808 ea
1041 764 1203 807 mente
1229 758 1287 806 de
1321 758 1446 806 caris
1470 757 1755 817 consulitur,
1783 774 1879 821 qua

209 842 270 890 de
294 842 518 891 dominis.
590 842 760 891 Aliter.
789 841 978 890 curiosa
1013 847 1086 889 est
1123 840 1396 889 sollicitudo
1432 840 1697 903 sanguinis,
1735 840 1880 888 aliter

210 924 475 973 servitutis.

787 990 1008 1039 CAPUT
1063 990 1297 1040 XXXVI.

281 1081 338 1130 Sl
374 1082 489 1130 haec
523 1081 594 1129 ita
630 1085 756 1139 sunt,
788 1087 844 1129 ut
878 1080 1039 1128 hostes
1075 1079 1518 1142 deprehendantur,
1552 1080 1635 1143 qui
1672 1080 1879 1127 Romani
1899 1103 1948 1130 10

211 1165 522 1222 vocabantur,
547 1182 635 1211 cur
670 1181 770 1222 nos,
799 1163 884 1226 qui
918 1163 1080 1211 hostes
1109 1162 1460 1219 existimamur,
1492 1163 1700 1210 Romani
1735 1179 1878 1225 nega-

213 1249 357 1295 murl
394 1264 490 1294 non
514 1263 762 1310 possumus
787 1251 837 1294 et
861 1245 1066 1293 Romani
1092 1262 1208 1303 esse,
1235 1251 1284 1293 et
1309 1245 1472 1293 hostes
1498 1262 1595 1292 non
1625 1262 1742 1304 esse,
1767 1262 1879 1295 cum

212 1330 374 1378 hostes
397 1328 705 1392 reperiantur
728 1327 813 1390 qui
838 1327 1046 1375 Romani
1069 1327 1407 1375 habebantur?
1477 1326 1617 1375 Adeo
1642 1327 1798 1390 pietas
1830 1332 1877 1374 et

212 1411 383 1474 religio
407 1415 458 1459 et
481 1410 598 1458 fides
622 1409 996 1472 imperatoribus
1021 1409 1188 1457 dedita
1211 1426 1307 1457 non
1336 1410 1388 1456 in
1412 1409 1690 1471 hujusmodi
1712 1408 1880 1457 officiis

214 1494 451 1552 consistit,
477 1493 652 1556 quibus
670 1498 720 1541 et
742 1492 985 1540 hostilitas
1012 1492 1168 1554 magis
1193 1492 1256 1539 ad
1274 1492 1602 1540 velamentum
1617 1491 1695 1539 sui
1719 1496 1877 1555 potest
1902 1513 1947 1552 15

272 1615 306 1643 1.
336 1606 394 1642 de
416 1606 664 1643 Caesarum
683 1605 838 1648 capite
855 1605 1146 1652 consultant:
1168 1615 1299 1654 comp.
1313 1602 1450 1643 Tacit.
1467 1602 1576 1642 Ann.
1592 1601 1666 1642 xii.
1683 1611 1751 1651 52,
1772 1603 1782 1622 ‘
1797 1601 1880 1641 Fu-

213 1667 300 1706 rius
320 1665 616 1706 Scribonianus
635 1665 680 1703 in
709 1665 905 1703 exsilium
934 1665 1086 1716 agitur,
1109 1665 1232 1717 quasi
1261 1665 1389 1704 finem
1416 1664 1623 1716 principis
1652 1677 1727 1715 per
1755 1664 1879 1703 Chal-

215 1730 340 1769 daeos
370 1732 630 1768 scrutaretur
645 1726 680 1775 ';
723 1729 941 1769 Ammian.
975 1728 1111 1767 Marc.
1146 1728 1256 1766 xxix.
1296 1739 1332 1773 2,
1369 1730 1380 1748 ⁶
1394 1741 1489 1767 cum
1524 1728 1811 1779 obJ’ectaretur
1841 1730 1880 1767 ei

214 1791 486 1844 quamobrem
504 1790 870 1831 constellationem
889 1790 1089 1841 principis
1108 1791 1346 1842 collegisset
1358 1787 1368 1804 ’
1387 1803 1398 1838 3
1427 1789 1547 1828 Paul.
1569 1789 1685 1828 Sent.
1698 1803 1738 1828 v.
1760 1801 1821 1828 21.
1841 1801 1876 1839 3,

218 1855 318 1907 ‘qui
347 1854 399 1894 de
428 1854 565 1893 salute
593 1854 790 1904 principis
821 1883 830 1892 .
862 1884 872 1894 .
904 1883 914 1892 .
935 1853 1256 1893 mathematicos
1289 1853 1483 1902 consulit,
1513 1866 1610 1892 cum
1638 1866 1686 1892 eo
1713 1854 1786 1905 qui
1814 1867 1877 1892 re-

215 1916 444 1969 sponderit,
465 1916 605 1966 capite
628 1913 830 1967 punitur)
887 1916 964 1955 See
993 1915 1205 1955 Merivale
1226 1915 1347 1954 Hist.
1382 1916 1502 1954 Rom.
1536 1928 1577 1954 v.
1610 1925 1703 1966 253,
1733 1915 1779 1954 of
1805 1916 1878 1955 the

215 1979 318 2017 time
337 1977 382 2017 of
395 1978 602 2026 Tiberius,
622 1979 631 1997 ‘
651 1977 712 2017 To
730 1978 895 2029 inquire
922 1977 1023 2016 thus
1053 1978 1145 2016 into
1174 1977 1248 2016 the
1268 1990 1389 2029 years
1419 1977 1466 2015 of
1490 1976 1563 2016 the
1592 1990 1782 2028 emperor
1803 2009 1811 2017 .
1835 2009 1844 2018 .
1867 2010 1876 2016 .

215 2054 302 2079 was
329 2053 423 2079 now
446 2039 620 2090 reputed
649 2037 936 2078 treasonable?
992 2038 1170 2078 Severus
1202 2039 1376 2078 himself
1400 2038 1485 2077 had
1516 2039 1626 2077 been
1659 2040 1879 2090 suspected

218 2101 264 2140 of
287 2102 338 2150 it,
357 2100 566 2152 Spartian.
587 2099 726 2139 Sever.
749 2112 787 2151 4.
844 2100 933 2139 The
953 2101 1119 2152 casting
1137 2100 1182 2139 of
1196 2100 1442 2151 horoscopes
1471 2100 1507 2138 is
1535 2098 1722 2139 referred
1749 2103 1796 2139 to
1822 2100 1881 2152 by

217 2162 405 2204 Juvenal
424 2162 480 2201 vi.
501 2173 578 2213 553
598 2162 641 2201 ff.
661 2174 670 2209 ;
698 2162 781 2201 xiv.
810 2163 886 2212 248
903 2175 913 2209 ;
943 2162 1055 2201 Ovid
1075 2163 1242 2202 Metam.
1259 2163 1287 2202 i.
1306 2163 1381 2213 148
1401 2175 1410 2209 ;
1440 2162 1553 2201 Pers.
1571 2160 1662 2201 Sat.
1682 2175 1720 2201 V.
1743 2173 1793 2213 45
1810 2163 1853 2201 ff.
1870 2176 1879 2208 ;

218 2224 303 2264 and
320 2224 394 2263 the
413 2225 641 2275 Augustan
660 2223 758 2262 hist.
766 2224 987 2275 frequent.
1050 2225 1128 2263 See
1147 2229 1262 2272 note,
1283 2223 1347 2263 ch.
1374 2235 1408 2263 Ι.

278 2298 313 2325 2.
343 2289 402 2325 ab
436 2287 618 2331 angelis
653 2288 996 2325 desertoribus:
1028 2299 1159 2337 comp.
1193 2286 1245 2324 de
1273 2285 1377 2324 idol.
1406 2297 1446 2336 9,
1478 2287 1684 2336 ‘propono
1712 2285 1880 2336 angelos

221 2360 311 2387 esse
333 2347 428 2385 illos
455 2346 686 2385 desertores
711 2346 804 2394 Dei,
827 2351 1034 2386 amatores
1060 2346 1323 2395 feminarum,
1344 2346 1576 2399 proditores
1601 2346 1729 2386 etiam
1754 2346 1880 2398 hujus

220 2407 489 2456 curiositatis,
519 2412 740 2458 propterea
771 2420 937 2459 quoque
970 2408 1193 2448 damnatos
1223 2422 1248 2447 a
1277 2406 1395 2456 Deo,'
1425 2411 1518 2456 ete„
1548 2407 1633 2446 and
1666 2421 1692 2447 a
1720 2408 1882 2447 similar

220 2466 394 2523 passage
419 2469 470 2508 de
498 2469 594 2509 cult.
615 2470 723 2520 fem.
746 2470 773 2508 i.
798 2481 832 2517 2,
862 2469 1001 2509 where
1031 2469 1267 2509 desertores
1295 2470 1332 2509 is
1364 2469 1586 2521 explained
1613 2470 1672 2521 by
1700 2470 1799 2521 ‘qui
1827 2471 1882 2509 ad

220 2533 331 2572 filias
351 2532 567 2570 hominum
597 2531 648 2569 de
676 2532 792 2570 caelo
820 2531 1027 2579 ruerunt‚'
1047 2532 1094 2570 in
1124 2532 1377 2571 accordance
1396 2531 1501 2570 with
1520 2532 1595 2570 the
1614 2532 1723 2570 view
1751 2531 1881 2570 taken

221 2595 267 2634 of
281 2594 386 2633 Gen.
408 2593 464 2632 vi.
488 2604 535 2639 23
565 2605 634 2631 see
654 2592 800 2640 above,
821 2592 884 2632 ch.
910 2603 956 2631 22
974 2605 985 2640 ;
1014 2593 1099 2631 and
1128 2593 1253 2645 Cypr.
1284 2593 1334 2633 de
1361 2592 1465 2632 idol.
1495 2606 1588 2633 van.
1611 2591 1649 2640 6,
1672 2594 1683 2612 ‘
1699 2591 1880 2643 Spiritus

223 2687 233 2698 .
257 2687 266 2696 .
290 2686 299 2695 .
320 2658 591 2706 posteaquam
610 2654 789 2693 terrenis
810 2654 927 2693 vitiis
945 2655 1131 2693 immersi
1151 2659 1251 2694 sunt
1272 2659 1315 2694 et
1336 2655 1514 2707 avigore
1530 2654 1703 2694 caelesti
1714 2657 1881 2694 terreno

221 2717 414 2768 contagio
433 2714 723 2764 recesserunt,’
744 2719 820 2755 ete.
878 2716 951 2767 Cp.
973 2716 1013 2756 S.
1033 2717 1063 2756 J
1069 2716 1150 2756 ude
1171 2716 1208 2756 6.

277 2778 316 2819 6.
347 2780 618 2825 sustinetur,
643 2778 703 2816 ‘is
722 2777 873 2817 looked
893 2776 983 2826 for‚’
1010 2781 1020 2799 ‘
1035 2776 1263 2829 expected?
1318 2777 1537 2817 Sus-tinere
1564 2777 1641 2816 has
1669 2777 1742 2816 the
1763 2790 1882 2817 sense

223 2841 270 2881 of
285 2845 538 2890 exspectare,
558 2839 654 2880 adv.
677 2839 823 2879 Herm.
847 2851 908 2891 29,
933 2843 944 2861 ‘
961 2840 1034 2879 sed
1061 2840 1286 2880 invisibilis
1315 2853 1447 2891 usque
1472 2843 1574 2878 tunc
1593 2839 1730 2878 videri
1757 2841 1881 2879 susti-

223 2903 351 2943 nebat
364 2900 400 2949 ’;
429 2902 524 2941 adv.
546 2901 649 2941 Jud.
675 2900 712 2949 6,
741 2905 752 2921 ‘
765 2902 800 2940 si
820 2902 999 2941 necdum
1019 2903 1150 2948 venit,
1172 2902 1442 2941 sustinendus
1462 2899 1552 2941 est.'

281 2973 316 3016 7.
346 2967 503 3003 Aliter
522 2967 706 3005 curiosa
725 2968 809 3003 est.
869 2963 984 3002 ‘The
1014 2965 1234 3004 solicitude
1264 2963 1450 3015 inspired
1477 2964 1535 3015 by
1562 2963 1733 3014 kinship
1762 2963 1798 3002 is
1827 2977 1881 3002 an

224 3027 398 3078 anxiety
418 3026 463 3065 of
477 3026 595 3077 quite
614 3039 640 3064 a
660 3025 855 3064 different
874 3030 1026 3065 nature
1044 3030 1088 3065 to
1109 3026 1205 3066 that
1224 3026 1363 3066 which
1384 3025 1595 3065 servitude
1614 3025 1718 3064 calls
1738 3023 1880 3064 forth?

226 3090 467 3134 sanguinis
496 3086 764 3138 corresponds
783 3090 828 3125 to
848 3086 899 3124 de
919 3088 1031 3126 caris
1051 3086 1184 3140 (one's
1212 3088 1338 3127 loved
1365 3087 1500 3137 ones),
1521 3086 1605 3126 and
1634 3089 1881 3126 servitutis

225 3154 271 3194 to
289 3150 341 3189 de
359 3149 543 3189 dominis
561 3150 606 3188 in
625 3149 699 3187 the
717 3147 912 3200 previous
932 3148 1082 3190 clause.

285 3222 346 3263 15.
375 3214 614 3252 hostilitas
636 3212 784 3257 magis
806 3212 866 3250 ad
878 3212 1210 3260 velamentum,
1232 3214 1309 3253 ete.¹
1328 3225 1336 3251 :
1360 3214 1369 3233 ‘
1387 3211 1523 3253 which
1538 3225 1563 3251 a
1582 3211 1734 3253 hostile
1749 3210 1883 3262 dispo·

1041 3294 1062 3331 1
