2124 3554
242 240 316 311 36
707 243 1049 298 *Tertulliani
1082 243 1135 296 A
1129 243 1458 314 polegetz'cus
1721 257 1838 310 [cm.
1860 260 1934 299 ix.

242 384 330 450 qui
353 388 618 452 propterea
647 388 899 438 suffocatis
925 406 1118 454 quoque
1148 393 1199 438 et
1226 389 1500 439 morticinis
1529 389 1844 452 abstinemus,
1870 411 1932 442 ne

241 486 337 533 quo
354 469 592 533 sanguine
613 472 1000 521 contaminemur
1015 473 1095 521 vel
1111 471 1243 521 intra
1259 473 1448 522 viscera
1466 474 1672 538 sepulto.
1709 475 1933 541 Denique

238 552 373 602 inter
389 558 696 603 tentamenta
711 554 1108 605 Christianorum
1124 556 1318 605 botulos
1337 556 1487 605 etiam
1502 574 1672 607 cruore
1691 558 1932 608 distentos
1970 615 1973 617 ,

238 636 529 698 admovetis,
571 637 835 686 certissimi
868 638 1070 697 scilicet,
1104 639 1340 688 illicitum
1375 657 1478 688 esse
1511 657 1660 705 penes
1690 642 1814 703 illos,
1841 661 1933 708 per

199 738 223 780 5
242 719 374 784 quod
397 719 676 769 exorbitare
700 738 780 769 eos
804 721 972 770 vultis.
1042 721 1198 770 Porro
1222 722 1365 787 quale
1389 726 1479 783 est,
1507 728 1566 771 ut
1590 741 1710 788 quos
1735 726 1929 790 sangui-

240 819 352 850 nem
377 802 565 866 pecoris
589 803 790 853 horrere
824 803 1089 863 confiditis,
1114 805 1329 854 humano
1364 805 1559 855 inhiare
1584 807 1806 868 credatis,
1832 808 1931 857 nisi

237 884 366 933 forte
392 885 667 935 suaviorem
703 903 816 935 eum
840 887 1066 951 experti?
1138 888 1295 950 Quem
1320 889 1522 952 quidem
1558 894 1608 938 et
1631 890 1794 955 ipsum
1816 908 1929 955 pro-

238 967 355 1016 inde
391 967 777 1019 examinatorem
813 969 1210 1019 Christianorum
1251 971 1474 1020 adhiberi
1510 976 1569 1021 ut
1604 972 1834 1034 foculum,
1871 981 1930 1024 ut

239 1067 456 1100 acerram
498 1052 772 1115 oportebat.
856 1053 1068 1102 Proinde
1110 1054 1241 1102 enim
1277 1055 1607 1118 probarentur
1641 1057 1929 1119 sanguinem

172 1152 224 1181 10
238 1133 510 1183 humanum
542 1135 833 1198 appetendo,
861 1137 1271 1200 quemadmodum
1307 1138 1599 1187 sacrificium
1623 1140 1927 1204 respuendo;

238 1216 462 1280 alioquin
486 1218 693 1266 necandi
717 1217 760 1267 si
795 1223 1090 1282 gustassent,
1117 1220 1526 1284 quemadmodum
1551 1221 1594 1270 si
1622 1238 1720 1270 non
1755 1222 1927 1271 immo-

237 1300 436 1349 lassent.
472 1301 541 1348 Et
565 1300 737 1365 utique
761 1319 860 1350 non
886 1302 1073 1352 deesset
1091 1303 1229 1352 vobis
1253 1303 1309 1351 in
1328 1304 1579 1354 auditione
1596 1306 1927 1355 custodiarum

239 1388 289 1434 et
313 1383 627 1433 damnatione
651 1385 853 1450 sanguis
878 1386 1135 1435 humanus.

307 1467 520 1516 Proinde
543 1468 724 1517 incesti
750 1468 837 1533 qui
859 1469 1030 1532 magis,
1053 1487 1198 1534 quam
1223 1486 1344 1533 quos
1367 1471 1472 1535 ipse
1498 1472 1701 1537 Jupiter
1724 1473 1926 1524 docuit‘l

169 1569 220 1611 .15
238 1551 413 1601 Persas
454 1569 566 1600 cum
606 1551 707 1601 suis
748 1552 990 1602 matribus
1018 1553 1224 1602 rmisceri
1260 1553 1450 1604 Ctesias
1485 1557 1656 1607 refert.
1742 1555 1840 1607 Sed
1876 1562 1927 1607 et

238 1635 528 1684 Macedones
551 1636 781 1700 suspecti,
802 1636 917 1701 quia
932 1653 1086 1699 quum
1107 1637 1321 1702 primum
1348 1638 1596 1702 Oedipum
1621 1641 1925 1704 tragoediam

235 1718 506 1779 audissent,
543 1719 757 1768 ridentes
792 1719 969 1769 incesti
1003 1720 1234 1780 dolorem,
1260 1725 1431 1782 ἤλαυνε,
1469 1722 1710 1783 dicebant,
1749 1727 1809 1773 εἷς
1849 1727 1926 1785 τὴν

235 1805 412 1864 μητέρα.
483 1802 515 1850 J
519 1820 599 1852 am
632 1820 763 1852 nunc
799 1803 1082 1868 recogitate,
1116 1807 1358 1868 quantum
1394 1804 1540 1853 liceat
1576 1807 1824 1855 erroribus
1861 1808 1924 1856 ad

235 1886 423 1935 incesta
447 1886 709 1947 miscenda,
739 1887 1086 1952 suppeditante
1110 1887 1340 1936 materias
1371 1887 1656 1952 passivitate
1681 1890 1922 1941 luxuriae.

295 2008 331 2036 1.
361 1999 604 2037 suffocatis
634 2010 823 2046 quoque
853 2002 902 2038 et
930 2000 1214 2039 morticinis.
1272 1998 1381 2038 Acts
1409 2012 1479 2039 xv.
1513 2010 1591 2049 203
1621 2000 1725 2042 Lev.
1746 2001 1847 2043 xxii.
1871 2002 1894 2041 8
1910 2015 1922 2051 ;

237 2057 365 2098 Ezek.
388 2058 446 2097 iv.
467 2069 523 2110 44
546 2058 732 2110 (Vulg.).

293 2131 332 2170 3.
362 2123 490 2160 inter
527 2125 829 2168 tentamenta,
859 2124 937 2162 ebe.
995 2122 1060 2162 As
1088 2135 1114 2161 a
1141 2120 1245 2161 final
1277 2121 1408 2174 proof‚
1442 2127 1637 2176 amongst
1666 2124 1787 2164 other
1815 2128 1921 2165 tests

235 2182 404 2235 applied
422 2186 468 2222 to
487 2183 562 2223 the
581 2183 820 2224 Christians
850 2197 934 2236 you
963 2184 1067 2224 offer
1095 2184 1215 2224 them
1244 2184 1457 2238 puddings
1486 2185 1604 2225 filled
1632 2186 1739 2226 with
1769 2187 1920 2229 blood:

237 2244 419 2296 botulus,
440 2245 665 2298 according
685 2249 730 2286 to
750 2246 853 2286 Aul.
875 2246 1043 2287 Gellius
1062 2246 1164 2287 xvii.
1192 2254 1230 2299 7.
1255 2258 1317 2297 11,
1339 2248 1376 2287 is
1396 2261 1421 2287 a
1440 2247 1594 2298 vulgar
1612 2250 1729 2288 word
1749 2251 1921 2302 equiva—

233 2307 327 2348 lent
358 2311 403 2348 to
417 2309 658 2360 farcimen,
690 2310 744 2348 ‘a
773 2308 975 2363 sausage'
989 2323 1000 2359 ;
1029 2322 1163 2362 comp.
1191 2309 1316 2362 Apic.
1345 2310 1390 2350 ii.
1422 2320 1474 2361 52
1504 2311 1621 2350 Tert.
1658 2324 1752 2352 uses
1787 2313 1836 2361 it,
1869 2313 1923 2353 de
1984 2332 1986 2334 >

225 2371 372 2425 jejun.
395 2381 431 2417 1,
452 2370 499 2410 of
513 2370 588 2410 the
607 2371 811 2411 stomach.

293 2443 332 2484 5.
361 2434 631 2472 exorbitare
661 2446 755 2474 eos.
814 2433 892 2473 See
922 2438 1037 2483 note,
1066 2434 1131 2475 ch.
1160 2432 1199 2474 6.
1255 2433 1347 2474 The
1376 2434 1479 2474 verb
1508 2434 1544 2474 is
1573 2434 1754 2489 perhaps
1783 2437 1921 2478 active

234 2495 348 2545 here,
369 2507 415 2534 as
434 2494 481 2534 in
501 2494 588 2534 Sid.
609 2495 737 2547 Apol.
759 2496 877 2547 Epp.
900 2510 940 2536 V.
966 2495 1028 2546 16,
1055 2499 1066 2517 ‘
1081 2500 1126 2537 to
1147 2501 1250 2537 turn
1269 2496 1388 2536 them
1408 2495 1552 2537 asida!

292 2557 331 2597 8.
360 2561 416 2597 ut
434 2559 659 2607 foculum,
680 2562 735 2597 ut
756 2570 966 2599 acerram
983 2573 992 2598 ι
1026 2561 1036 2580 ‘
1046 2559 1136 2611 just
1164 2573 1211 2599 as
1233 2559 1360 2599 much
1385 2573 1431 2599 as
1461 2559 1535 2599 the
1555 2560 1719 2601 brazier
1737 2561 1823 2601 and
1842 2561 1916 2602 the

233 2620 507 2660 incense-box
518 2618 529 2636 ’
547 2634 556 2660 :
576 2620 697 2660 these
712 2634 823 2660 were
838 2621 914 2661 the
926 2622 1047 2661 usual
1061 2623 1325 2661 tentamenta
1342 2621 1692 2668 Christianorum,
1705 2622 1779 2663 the
1793 2624 1919 2663 burn·

233 2682 309 2734 ing
328 2681 375 2722 of
390 2696 415 2722 a
434 2682 517 2722 few
535 2683 679 2735 grains
701 2683 747 2722 of
761 2683 931 2724 incense
951 2684 1039 2723 and
1057 2683 1266 2735 invoking
1284 2683 1359 2723 the
1377 2684 1526 2735 genius
1547 2684 1594 2724 of
1607 2685 1680 2724 the
1700 2698 1890 2737 emperor
1906 2699 1919 2735 3

234 2744 300 2783 ch.
326 2744 388 2790 28,
411 2755 460 2796 32
481 2758 492 2794 ;
522 2745 575 2784 de
602 2744 707 2784 idol.
733 2756 797 2796 24,
822 2747 895 2785 ‘ut
914 2745 1180 2785 idololatriae
1200 2746 1456 2786 devitandae
1476 2759 1734 2787 vacaremus.
1795 2747 1918 2788 Haec

235 2807 317 2846 erit
336 2807 405 2846 lex
423 2810 567 2847 nostra
588 2838 598 2847 .
623 2838 632 2848 .
657 2837 667 2847 .
688 2807 858 2859 propria
886 2807 1236 2854 Christianorum,
1256 2820 1332 2859 per
1357 2821 1485 2859 quam
1510 2807 1565 2847 ab
1589 2807 1768 2847 ethnicis
1788 2821 1917 2860 agno-

235 2869 390 2908 scimur
410 2872 452 2908 et
473 2869 767 2908 examinamur
781 2866 793 2885 '
808 2882 819 2917 ;
849 2869 946 2908 adv.
967 2869 1107 2909 Maro.
1139 2869 1168 2909 i.
1194 2877 1260 2920 27,
1284 2871 1296 2890 ‘
1308 2869 1413 2921 quid
1432 2882 1518 2908 non
1538 2877 1582 2909 et
1601 2869 1647 2908 in
1665 2871 1915 2922 persecutio-

234 2932 359 2971 nibus
391 2933 537 2972 statim
569 2933 711 2972 oblata
749 2946 892 2973 acerra
923 2933 1109 2973 animam
1145 2932 1373 2984 negatione
1403 2932 1579 2972 lucraris
1597 2930 1634 2971 ’2
1691 2933 1804 2972 Acta
1842 2933 1915 2973 SS.

235 2994 360 3045 Perp.
392 2998 435 3033 et
461 2994 590 3034 Felic.
621 2995 664 3033 ii.
696 3005 733 3043 2,
765 2996 776 3016 ‘
793 2994 879 3035 Fac
914 3007 1078 3034 sacrum
1105 3008 1180 3046 pro
1210 2994 1348 3034 salute
1375 2994 1692 3046 imperatorum.
1752 2995 1808 3034 Et
1839 3008 1916 3046 ego

234 3056 446 3108 respondi,
466 3057 569 3096 Non
587 3054 726 3096 facio.'
784 3056 936 3098 Euseb.
960 3058 1016 3098 iv.
1043 3065 1106 3105 15.

294 3129 357 3158 12.
391 3122 730 3166 custodiarum,
756 3119 767 3139 ‘
782 3118 828 3158 of
842 3116 1082 3171 prisoners,'
1101 3132 1147 3159 as
1167 3118 1317 3169 below,
1338 3118 1401 3158 ch.
1422 3130 1501 3170 443
1530 3117 1698 3159 Sueton.
1729 3118 1822 3158 Tib.
1846 3118 1914 3168 61,

236 3181 311 3220 ‘in
329 3181 676 3232 recognoscendis
696 3179 926 3222 custodiis?

294 3253 357 3294 19.
390 3244 727 3289 suppeditante
759 3271 770 3282 .
797 3274 807 3284 .
844 3272 853 3282 .
885 3245 1115 3283 luxuriae.
1174 3244 1185 3263 ‘
1203 3241 1293 3282 The
1325 3241 1706 3295 promiscuousness
1739 3242 1784 3282 of
1810 3256 1917 3295 your

234 3305 464 3360 profligacy
483 3305 710 3359 supplying
729 3305 804 3346 the
824 3306 1036 3346 occasions
1052 3304 1098 3344 of
1113 3302 1274 3345 incest.'
