2124 3554
253 237 354 306 158
884 240 935 291 A
931 239 1173 308 ppendz'x
1208 238 1294 294 II.

247 382 430 447 viginti
455 400 664 448 quoque.
732 381 914 431 Omnes
939 386 989 431 et
1012 381 1280 446 imaginem
1302 386 1442 431 tuam
1466 382 1762 447 deorumque
1786 383 1934 432 simu-

248 462 379 511 lacra
398 462 617 512 venerati
646 467 789 511 sunt:
816 462 855 510 ii
880 469 930 511 et
955 461 1156 510 Christo
1181 462 1556 512 maledixerunt.
1607 462 1934 512 Affirmabant

248 547 416 591 autem
441 542 564 591 hanc
589 542 738 590 fuisse
764 559 1001 591 summam
1026 542 1105 590 vel
1129 542 1303 605 culpae
1338 558 1453 590 suae
1476 542 1557 590 vel
1582 543 1776 603 erroris,
1805 542 1936 606 quod

247 627 409 670 essent
457 621 592 671 soliti
645 626 776 670 stato
824 621 903 669 die
951 625 1066 670 ante
1114 621 1276 669 lucem
1324 621 1598 681 convenire,
1643 627 1934 685 carmenque

249 701 462 760 Christo,
490 700 630 765 quasi
656 700 759 760 deo,
787 700 950 749 dicere
985 717 1148 749 secum
1182 700 1408 759 invicem,
1446 718 1594 764 seque
1632 707 1934 750 sacramento

248 797 347 829 non
370 780 423 828 in
447 780 607 829 scelus
631 780 833 844 aliquod
857 780 1182 842 obstringere,
1209 780 1292 828 sed
1317 797 1378 828 ne
1402 780 1551 842 furta,
1580 798 1641 829 ne
1660 780 1932 840 latrocinia,

247 877 308 909 ne
331 859 577 909 adulteria
612 859 989 920 committerent,
1015 876 1077 907 ne
1114 859 1260 907 fidem
1295 859 1536 918 fallerent,
1562 876 1623 908 ne
1657 859 1935 924 depositum

248 939 488 1004 appellati
512 939 810 1002 abnegarent
834 955 844 988 :
884 939 1063 1003 quibus
1090 939 1304 1003 peractis
1328 957 1510 988 morem
1535 939 1629 988 sibi
1654 939 1936 988 discedendi

247 1019 397 1068 fuisse
422 1035 689 1082 rursusque
725 1018 929 1067 coeundi
967 1018 1030 1066 ad
1065 1018 1356 1082 capiendum
1386 1020 1565 1080 cibum,
1605 1019 1936 1083 promiscuum

247 1105 411 1149 tamen
436 1103 487 1147 et
511 1097 795 1158 innoxium3
833 1098 963 1163 quod
987 1098 1151 1162 ipsum
1175 1099 1332 1148 facere
1356 1099 1558 1147 desiisse
1587 1102 1698 1163 post
1722 1098 1936 1147 edictum

247 1195 423 1238 meum,
450 1195 546 1242 quo
571 1178 837 1226 secundum
872 1179 1105 1226 mandata
1140 1183 1228 1227 tua
1263 1178 1505 1228 hetaerias
1542 1195 1645 1227 esse
1668 1183 1934 1226 vetueram.

194 1282 200 1294 ¹
249 1258 357 1320 Quo
404 1257 563 1322 magis
612 1258 938 1306 necessarium
979 1257 1178 1318 credidi,
1220 1275 1281 1307 ex
1322 1258 1513 1307 duabus
1559 1257 1765 1317 ancillis,
1813 1274 1936 1321 quae

248 1337 506 1387 ministrae
531 1336 836 1396 dicebantur,
863 1337 985 1400 quid
1010 1343 1138 1386 esset
1160 1337 1280 1397 veri,
1308 1342 1359 1387 et
1394 1355 1484 1402 per
1517 1342 1765 1386 tormenta
1789 1354 1935 1402 quae-

249 1435 371 1467 rere.
445 1416 543 1467 Sed
579 1416 706 1464 nihil
742 1416 876 1465 aliud
905 1416 1088 1478 inveni,
1118 1434 1267 1480 quam
1301 1418 1699 1482 superstitionem
1733 1434 1937 1481 pravam

248 1503 298 1548 et
323 1496 642 1557 immodicam,
670 1496 890 1560 ideoque,
917 1496 1072 1546 dilata
1097 1497 1392 1561 cognitione,
1419 1498 1482 1546 ad
1508 1496 1862 1546 consulendum
1885 1500 1936 1545 te

250 1577 458 1626 decurri.
551 1577 671 1625 Visa
717 1583 791 1625 est
838 1575 970 1624 enim
1028 1576 1152 1624 mihi
1210 1594 1288 1626 res
1350 1577 1501 1641 digna
1559 1575 1933 1635 consultatione,

250 1656 460 1706 maxime
483 1660 688 1720 propter
707 1655 1099 1719 periclitantium
1124 1673 1398 1705 numerum.
1453 1656 1606 1705 Multi
1631 1656 1761 1705 enim
1780 1655 1936 1704 omnis

249 1736 442 1797 aetatis,
457 1735 612 1784 omnis
637 1735 838 1796 ordinis,
857 1736 1117 1799 utriusque
1137 1754 1280 1785 sexus
1300 1736 1462 1796 etiam,
1480 1742 1718 1785 vocantur
1736 1735 1788 1783 in
1806 1733 1936 1799 peri-

250 1816 429 1875 culum,
450 1819 500 1864 et
517 1815 838 1865 vocabuntur.
882 1815 1057 1879 Neque
1082 1816 1212 1864 enim
1229 1815 1457 1865 civitates
1473 1821 1681 1874 tantum,
1703 1815 1787 1865 sed
1801 1814 1936 1863 vicos

250 1897 399 1945 etiam
440 1902 588 1959 atque
630 1912 774 1958 agros
817 1894 1186 1959 superstitionis
1223 1895 1368 1945 istius
1406 1895 1636 1959 contagio
1668 1899 1937 1960 pervagata

250 1981 324 2025 est
344 1993 357 2036 3
395 1992 519 2039 quae
542 1974 743 2023 videtur
767 1974 876 2023 sisti
901 1978 951 2022 et
976 1974 1157 2037 corrigi
1181 1992 1335 2038 posse.
1407 1975 1552 2025 Certe
1585 1974 1704 2023 satis
1729 1977 1936 2033 constat,

250 2073 403 2120 prope
417 2057 520 2119 jam
535 2054 754 2103 desolata
771 2054 957 2118 templa
977 2053 1193 2117 coepisse
1208 2053 1446 2104 celebrari
1461 2058 1512 2103 et
1529 2071 1665 2103 sacra
1681 2053 1939 2103 sollemnia

251 2135 339 2183 diu
374 2133 658 2184 intermissa
693 2134 885 2198 repeti;
917 2133 1196 2198 passimque
1233 2134 1403 2183 venire
1443 2133 1687 2194 victimas,
1724 2150 1938 2198 quarum

251 2215 409 2264 adhuc
444 2213 725 2263 rarissimus
761 2217 954 2277 emptor
991 2213 1352 2262 inveniebatur.
1424 2213 1503 2261 Ex
1545 2231 1642 2278 quo
1684 2213 1827 2262 facile
1861 2206 1938 2262 est

251 2294 455 2359 opinari,
483 2310 607 2358 quae
637 2294 786 2342 turba
821 2292 1075 2342 hominum
1105 2293 1354 2342 emendari
1375 2293 1563 2358 possit,
1590 2294 1632 2342 si
1668 2293 1734 2342 sit
1769 2292 1937 2358 paeni-

252 2374 437 2423 tentiae
463 2374 614 2423 locus.

796 2442 1075 2501 Trajan-us
1110 2445 1299 2492 Plinio
1336 2446 1390 2493 S.

322 2542 520 2602 Actum,
545 2559 692 2605 quem
716 2541 950 2602 debuisti,
975 2543 1044 2590 mi
1070 2542 1308 2602 Secunde,
1332 2542 1386 2590 in
1415 2529 1729 2591 excutiendis
1757 2541 1938 2591 caussis

252 2640 433 2683 eorum,
451 2622 537 2687 qui
558 2621 829 2671 Christiani
853 2622 915 2671 ad
938 2627 987 2670 te
1012 2622 1167 2671 delati
1196 2623 1407 2683 fuerant,
1431 2626 1628 2670 secutus
1647 2639 1711 2671 es.
1762 2622 1938 2685 Neque

252 2703 383 2751 enim
429 2702 483 2750 in
528 2700 815 2750 universum
872 2701 1076 2766 aliquid,
1125 2702 1259 2766 quod
1310 2701 1451 2766 quasi
1499 2705 1684 2750 certam
1730 2702 1937 2750 formam

252 2781 446 2842 habeat,
490 2780 729 2830 constitui
768 2784 943 2845 potest.
1019 2781 1359 2844 Conquirendi
1395 2798 1494 2829 non
1530 2786 1679 2830 sunt:
1724 2780 1767 2830 si
1801 2779 1936 2828 defe-

253 2867 428 2910 rantur
465 2865 515 2910 et
552 2865 837 2924 arguantur,
863 2859 1102 2924 puniendi
1133 2864 1263 2919 sunt,
1288 2859 1361 2909 ita
1393 2865 1572 2921 tamen,
1597 2866 1654 2909 ut
1679 2859 1764 2924 qui
1787 2875 1936 2922 nega-

254 2941 384 2990 verit
409 2957 459 2990 se
485 2940 822 2989 Christianum
846 2957 962 3000 esse,
989 2939 1137 3004 idque
1170 2958 1223 2989 re
1258 2940 1365 3004 ipsa
1399 2940 1715 2989 manifestum
1748 2938 1935 2998 fecerit,

255 3020 305 3067 id
331 3024 419 3080 est,
446 3019 770 3084 supplicando
795 3019 891 3067 diis
916 3019 1112 3078 nostris,
1140 3019 1364 3082 quamvis
1394 3023 1647 3084 suspectus
1671 3018 1723 3066 in
1747 3022 1936 3081 praete-

254 3099 410 3148 ritum
433 3098 596 3159 fuerit,
621 3099 815 3147 veniam
847 3116 908 3147 ex
939 3097 1242 3162 paenitentia
1270 3098 1516 3163 impetret.
1589 3097 1705 3147 Sine
1737 3101 1937 3146 auctore

254 3194 371 3227 vero
410 3177 649 3242 propositi
686 3177 858 3237 libelli,
903 3177 1040 3226 nullo
1087 3177 1292 3226 crimine
1340 3178 1502 3226 locum
1532 3175 1709 3225 habere
1745 3176 1936 3224 debent.

256 3258 386 3306 Nam
410 3262 462 3306 et
486 3257 685 3321 pessimi
709 3257 932 3322 exempli,
958 3273 1047 3306 nec
1072 3256 1230 3306 nostri
1253 3256 1434 3306 saeculi
1458 3260 1547 3305 est.
