2124 3554
168 220 268 258 Cn.
287 212 505 265 XXX111.]
580 205 840 257 adversus
882 203 1077 256 Gentes
1101 209 1206 270 pro
1250 201 1596 255 Christianis.
1731 215 1826 266 107

165 365 345 407 eorum,
371 365 491 411 quae
524 354 598 396 est
630 348 884 411 augustior
916 346 1140 394 omnibus
1174 344 1341 409 geniis,
1412 344 1628 393 Nescitis
1664 345 1832 407 genios

166 431 420 478 daemonas
463 430 574 488 dici,
617 435 667 478 et
714 431 826 478 inde
874 428 1165 477 diminutiva
1211 444 1328 475 voce
1375 427 1658 475 daemonia‘l
1729 427 1831 475 Nos

161 511 400 574 judicium
422 512 519 559 Dei
551 511 838 575 suspicimus
862 511 913 558 in
938 509 1328 574 imperatoribus,
1354 509 1440 572 qui
1464 509 1692 571 gentibus
1719 508 1832 556 illos

165 593 412 657 praefecit.
482 595 543 642 Id
578 595 642 641 in·
663 594 730 642 eis
768 594 944 642 scimus
977 611 1095 653 esse,
1123 592 1253 654 quod
1278 593 1412 640 Deus
1435 590 1605 649 voluit,
1628 591 1831 654 ideoque

165 682 214 723 et
239 677 426 724 salvum
450 677 671 725 volumus
695 693 810 736 esse,
838 676 967 740 quod
1000 676 1132 723 Deus
1164 675 1413 742 voluit‚⁴et
1448 691 1536 737 pro
1572 690 1746 736 magno
1779 673 1831 720 id
1850 691 1871 730 5

160 761 439 820 juramento
497 759 744 807 habemus.
819 759 1051 806 Ceterum
1110 757 1383 815 daemonaS,
1432 756 1484 803 id
1531 760 1603 803 est
1650 754 1831 819 genios,

165 841 388 903 adjurare
424 841 772 900 consuevimus,
798 845 855 888 ut
890 840 1000 888 illos
1037 840 1097 887 de
1130 838 1409 901 hominibus
1445 839 1708 901 exigamus,
1734 855 1831 885 non

165 922 396 986 dejerare,
422 928 479 971 ut
506 923 606 971 illis
629 923 859 971 honorem
885 922 1160 970 divinitatis
1185 923 1502 970 conferamus.

749 1117 970 1167 CAPUT
1008 1115 1249 1164 XXXIII.

236 1243 339 1290 SED
365 1243 482 1306 quid
497 1260 586 1306 ego
611 1243 816 1307 amplius
841 1243 899 1290 de
924 1241 1154 1305 religione
1180 1245 1326 1304 atque
1350 1240 1532 1305 pietate
1550 1240 1831 1289 Christiana
1852 1256 1900 1283 10

165 1324 217 1371 in
242 1325 614 1388 imperatoremit
649 1342 788 1388 quem
814 1341 1004 1373 necesse
1029 1329 1102 1372 est
1128 1323 1444 1387 suspiciamus
1467 1328 1524 1371 ut
1549 1340 1672 1382 eum,
1688 1340 1833 1387 quem

165 1406 391 1455 dominus
438 1411 603 1455 noster
649 1407 865 1470 elegerit.
938 1407 1006 1454 Et
1056 1406 1229 1454 merito
1278 1405 1498 1464 dixerim,
1548 1412 1712 1453 noster
1757 1410 1832 1453 est

164 1488 319 1551 magis
344 1489 533 1549 Caesar,
559 1493 616 1536 ut
639 1507 668 1537 a
700 1494 863 1536 nostro
887 1489 991 1536 Deo
1023 1487 1329 1536 constitutus.
1400 1488 1574 1551 Itaque
1606 1493 1655 1535 et
1690 1487 1743 1535 in
1777 1505 1832 1535 eo

163 1570 275 1634 plus
298 1568 386 1633 ego
409 1571 483 1617 illi
507 1588 682 1633 operor
716 1572 768 1618 in
802 1571 1022 1629 salutem,
1049 1587 1147 1617 non
1184 1570 1337 1618 solum
1374 1571 1502 1634 quod
1538 1586 1644 1618 eam
1678 1571 1740 1618 ab
1775 1588 1831 1618 eo

161 1652 371 1715 postulo,
410 1652 497 1715 qui
539 1657 700 1716 potest
741 1657 1002 1717 praestare,
1041 1656 1127 1700 aut
1170 1653 1299 1714 quod
1340 1652 1454 1700 talis
1495 1653 1704 1715 postulo,
1747 1653 1830 1716 qui
1852 1675 1897 1715 15

162 1750 347 1782 merear
393 1735 670 1798 impetrare,
714 1737 798 1783 sed
840 1735 989 1783 etiam
1031 1735 1161 1798 quod
1207 1739 1481 1797 temperans
1528 1738 1831 1797 majestatem

165 1816 382 1864 Caesaris
423 1817 551 1865 infra
585 1819 743 1865 Deum
775 1818 928 1880 magis
967 1817 1111 1865 illum
1144 1817 1420 1864 commendo
1462 1817 1582 1878 Deo,
1620 1818 1698 1866 cui
1739 1818 1833 1866 soli

163 1898 384 1960 subjiciO.
434 1899 649 1962 Subjicio
674 1906 854 1958 autem,
875 1900 954 1948 cui
978 1917 1076 1947 non
1100 1900 1328 1962 adaequo.
1377 1900 1491 1948 Non
1517 1900 1644 1947 enim
1669 1899 1831 1947 Deum

161 1981 505 2044 imperatorem
537 1982 706 2041 dicam,
734 1983 812 2030 vel
843 1982 959 2046 quia
995 1982 1195 2030 mentiri
1230 1981 1401 2041 nescio,
1427 1982 1505 2030 vel
1542 1982 1656 2046 quia
1690 1983 1831 2031 illum

162 2063 380 2124 deridere
405 2080 498 2110 non
524 2064 691 2122 audeo,
716 2065 793 2112 vel
819 2065 934 2128 quia
959 2081 1046 2112 nec
1069 2064 1173 2128 ipse
1200 2082 1249 2112 se
1274 2065 1432 2112 Deum
1456 2066 1587 2113 volet
1612 2065 1720 2113 dici.
1776 2066 1829 2113 Si
1850 2085 1899 2110 20

162 2144 304 2192 homo
330 2144 408 2205 sit,
429 2145 633 2193 interest
657 2146 867 2193 hominis
893 2147 997 2194 Deo
1022 2146 1215 2205 cedere3
1252 2146 1370 2194 satis
1393 2147 1571 2194 habeat
1594 2147 1831 2210 appellari

162 2226 438 2290 imperator.
510 2227 708 2275 Grande
736 2232 786 2275 et
809 2228 898 2276 hoc
933 2245 1107 2275 nomen
1143 2234 1230 2287 est,
1260 2229 1389 2291 quod
1413 2246 1441 2275 a
1470 2229 1574 2276 Deo
1598 2229 1828 2277 traditur.

163 2308 326 2371 Negat
360 2308 500 2356 illum
535 2309 888 2371 imperatorem,
916 2310 1002 2373 qui
1037 2310 1196 2356 Deum
1220 2309 1355 2357 dicit.
1425 2310 1539 2358 Nisi
1572 2311 1713 2358 homo
1748 2311 1827 2370 sit,

161 2395 360 2444 nonest
393 2390 668 2453 imperator.
744 2391 1006 2439 Hominem
1041 2409 1089 2439 se
1125 2408 1225 2439 esse
1261 2392 1410 2440 etiam
1436 2392 1742 2456 triumphans
1777 2393 1829 2440 in

161 2472 246 2520 illo
285 2472 629 2520 sublimissimo
666 2491 811 2521 curru
848 2474 1149 2521 admonetur.
1221 2473 1511 2536 Suggeritur
1551 2475 1679 2523 enim
1715 2475 1760 2523 ei
1801 2492 1828 2522 a
1848 2494 1896 2533 25

161 2643 312 2683 wishes
340 2643 406 2683 for
428 2644 494 2683 his
523 2642 706 2696 safety';
734 2645 813 2683 but
841 2657 972 2696 comp.
996 2645 1101 2684 Gen.
1130 2644 1222 2684 xlii.
1246 2654 1293 2696 15
1312 2657 1324 2692 ;
1351 2645 1410 2683 ad
1438 2645 1562 2697 Scap.
1586 2657 1624 2695 2,
1645 2647 1655 2666 ‘
1671 2646 1825 2686 sacrifi-

160 2718 300 2744 cemus
318 2719 393 2758 pro
413 2706 549 2746 salute
568 2707 830 2757 imperatoris
859 2735 870 2746 .
900 2735 910 2745 .
938 2736 949 2746 .
978 2720 1084 2758 pura
1106 2704 1254 2758 prece.'
1310 2707 1398 2747 The
1417 2708 1604 2760 military
1623 2708 1724 2747 oath
1738 2722 1825 2748 was

159 2768 344 2818 possible
362 2771 408 2806 to
426 2768 500 2807 the
520 2768 754 2807 Christians
770 2780 781 2816 ;
810 2781 878 2807 see
897 2771 1009 2817 note,
1029 2768 1094 2807 ch.
1117 2768 1182 2818 38.

216 2840 252 2879 3.
281 2831 513 2876 judicium
533 2832 622 2869 Dei
642 2831 936 2876 suspicimus,
992 2830 1069 2869 See
1085 2834 1197 2879 note,
1217 2829 1282 2869 ch.
1307 2831 1369 2870 18.
1427 2830 1548 2870 Rom.
1568 2831 1656 2870 xiii.
1685 2842 1722 2879 1,
1747 2843 1782 2871 2.

218 2901 280 2941 15.
311 2893 394 2937 qm·
422 2903 600 2931 merear
628 2893 891 2937 impetrare.
939 2892 1115 2931 Merear
1146 2892 1182 2931 is
1209 2891 1312 2931 used
1338 2891 1385 2931 of
1412 2905 1557 2932 course
1574 2893 1823 2945 relatively:

158 2952 232 2992 the
252 2952 468 2993 Christian
491 2966 536 2992 as
557 2967 582 2992 a
601 2958 697 2993 true
715 2954 971 3006 worshipper
998 2955 1045 2994 of
1069 2955 1164 2994 God
1192 2954 1452 3006 approached
1482 2955 1588 2993 Him
1615 2968 1729 2994 more
1757 2969 1824 2995 ac-

159 3015 354 3067 ceptably
374 3014 480 3054 than
500 3015 536 3054 it
555 3028 640 3054 was
659 3016 841 3067 possible
869 3015 934 3055 for
961 3016 1034 3056 the
1062 3017 1250 3056 heathen
1268 3020 1313 3055 to
1332 3016 1396 3056 do.
1454 3016 1544 3055 Yet
1567 3016 1642 3056 the
1670 3018 1823 3056 merita

161 3074 207 3114 of
221 3075 456 3115 Christians
475 3090 545 3116 are
564 3077 638 3116 the
652 3091 828 3117 munera
839 3078 884 3118 of
894 3078 988 3118 God
1005 3091 1015 3126 ;
1044 3077 1084 3118 S.
1100 3079 1212 3130 Aug.
1231 3079 1316 3130 Ep.
1337 3089 1428 3130 194.
1449 3089 1508 3131 19.
1543 3078 1621 3119 See
1636 3078 1822 3131 Bright's

164 3138 296 3179 Serm.
313 3137 357 3178 S.
377 3138 468 3186 Leo,
491 3143 591 3178 note
610 3137 674 3189 63.

219 3210 283 3250 25.
316 3203 594 3248 Suggeritur
618 3204 673 3242 ei.
735 3201 812 3244 See
834 3206 943 3251 note,
965 3202 1029 3242 ch.
1055 3204 1119 3247 18,
