2124 3554
217 237 317 277 Cir.
339 232 512 285 XXIV]
585 225 846 278 adversus
888 223 1084 276 Gentes
1107 232 1214 291 pro
1258 220 1608 276 Christianis.
1808 219 1874 288 89

215 369 562 416 memoratione
585 385 763 428 eorum,
790 384 914 431 quae
938 366 1031 415 sibi
1053 384 1082 415 a
1106 366 1210 414 Deo
1238 383 1328 430 per
1357 365 1600 414 arbitrum
1625 362 1878 412 Christum

214 451 519 499 imminent-ia
540 455 833 514 exspectant.
899 448 1150 498 Christum
1170 449 1398 497 timentes
1421 448 1474 495 in
1498 448 1617 505 Deo,
1644 451 1694 495 et
1718 445 1879 493 Deum

215 532 269 580 in
294 532 505 591 Christo,
532 533 858 595 subjiciuntur
892 531 1044 580 servis
1079 531 1175 579 Dei
1211 535 1262 579 et
1298 531 1499 579 Christi.
1569 530 1650 578 Ita
1673 529 1733 577 de
1765 545 1877 577 con-

214 618 354 663 tactu
378 615 532 678 deque
557 616 720 663 afflatu
743 620 907 663 nostro
932 613 1340 677 contemplatione
1363 618 1413 661 et
1437 611 1877 676 repraesentatione

214 696 345 760 ignis
379 696 513 745 illius
549 697 773 760 correpti,
799 696 947 745 etiam
970 697 1028 744 de
1053 696 1334 760 corporibus
1366 702 1531 744 nostro
1566 694 1770 758 imperio
1795 710 1876 740 ex·
1893 718 1915 757 5

214 779 393 826 cedunt
423 767 573 826 'inviti
597 785 647 826 et
671 779 901 838 dolentes,
928 783 976 826 et
999 778 1138 826 vobis
1170 777 1504 841 praesentibus
1529 777 1877 824 erubescentes.

216 860 414 908 Credite
449 860 564 920 illis,
591 878 703 908 cum
731 878 900 909 verum
923 860 981 908 de
1018 877 1066 908 se
1101 860 1384 923 loquuntur,
1412 859 1497 922 qui
1531 857 1880 907 mentientibus

214 943 424 992 creditis.
495 944 651 991 Nemo
686 943 748 990 ad
782 958 924 991 suum
958 942 1163 990 dedecus
1197 942 1450 999 mentitur,
1474 942 1594 1005 quin
1629 940 1794 1004 potius
1817 940 1880 987 ad

214 1025 456 1074 honorem.
526 1025 687 1089 Magis
723 1026 842 1074 fides
881 1042 1034 1089 prona
1069 1028 1142 1073 est
1175 1025 1407 1073 adversus
1449 1024 1728 1087 semetipsos
1765 1039 1880 1071 con-

214 1107 425 1167 fitentes,
454 1125 598 1171 quam
629 1124 716 1172 pro
741 1107 1010 1170 semetIpsis
1033 1113 1277 1170 negantes.
1349 1107 1485 1155 Haec
1510 1106 1718 1169 denique
1741 1104 1877 1154 testi-
1899 1118 1949 1145 10

215 1190 379 1238 monia
421 1190 619 1237 deorum
653 1194 926 1238 vestrorum
966 1187 1271 1238 Christianos
1312 1190 1470 1237 facere
1511 1192 1879 1245 consueverunt,

215 1271 330 1334 quia
354 1271 619 1335 plurimum
643 1271 741 1319 illis
771 1272 1007 1319 credendo
1031 1271 1227 1320 Christo
1252 1269 1445 1319 domino
1471 1270 1724 1319 credimus.
1778 1269 1880 1334 Ipsi

214 1354 495 1401 litterarum
541 1358 816 1402 nostrarum
861 1354 1007 1402 fidem
1051 1354 1337 1411 accendunt,
1382 1353 1480 1417 ipsi
1528 1354 1630 1416 spei
1687 1356 1881 1400 nostrae

214 1435 459 1484 fidentiam
496 1435 766 1484 aedificant.
837 1435 908 1484 At
944 1435 1101 1483 colitis
1136 1435 1260 1494 illos,
1285 1436 1415 1499 quod
1450 1435 1610 1492 sciam,
1636 1434 1785 1482 etiam
1820 1435 1880 1482 de

215 1518 445 1587 sanguine
469 1518 874 1568 Christianorum.
946 1518 1149 1566 Nollent
1171 1517 1334 1581 itaque
1358 1535 1443 1565 vos
1468 1524 1567 1565 tam
1591 1518 1877 1574 fructUOSOS‚
1899 1527 1946 1567 15

214 1604 316 1647 tam
351 1600 578 1648 officiosos
614 1599 707 1648 sibi
730 1600 967 1659 amittere,
992 1600 1071 1648 vel
1094 1617 1154 1648 ne
1180 1616 1210 1647 a
1232 1599 1368 1648 vobis
1401 1599 1689 1663 quandoque
1715 1598 1878 1647 Chris-

215 1681 361 1730 tianis
384 1682 628 1745 fugentur,
645 1682 687 1730 si
710 1682 807 1729 illis
832 1683 922 1731 sub
944 1682 1237 1741 Christiano,
1254 1682 1443 1731 volente
1461 1682 1598 1731 vobis
1621 1681 1879 1731 veritatem

181 1828 183 1830 V
213 1765 433 1828 probare,
459 1764 658 1813 mentiri
682 1764 864 1813 liceret.

827 1981 1053 2033 CAPUT
1089 1983 1270 2032 XXIV.

286 2121 455 2170 OMNIS
495 2120 590 2169 ista
626 2121 859 2169 confessio
898 2121 1108 2182 illorum,
1146 2140 1241 2185 qua
1284 2140 1332 2171 se
1380 2123 1494 2171 deos
1541 2126 1721 2186 negant
1762 2139 1878 2183 esse,
1901 2143 1951 2170 20

208 2208 409 2268 'quaque
453 2220 551 2251 non
603 2202 752 2251 alium
799 2203 957 2251 Deum
1010 2205 1304 2267 respondent
1350 2209 1546 2268 praeter
1581 2206 1762 2263 Unum,
1800 2205 1880 2252 cui

273 2375 309 2414 3.
340 2366 418 2403 Ita
438 2366 495 2403 de
515 2367 736 2404 contactu
761 2365 911 2408 deque
931 2363 1101 2403 afflatu.
1159 2364 1383 2416 Referring
1407 2367 1452 2404 to
1476 2364 1551 2404 the
1573 2366 1705 2405 ritual
1725 2371 1814 2406 acts
1834 2367 1880 2405 in

217 2426 291 2466 the
309 2439 530 2477 ceremony
548 2426 593 2465 of
608 2425 808 2465 exorcism
827 2438 838 2463 z
866 2437 997 2475 comp.
1018 2426 1091 2464 the
1110 2426 1249 2466 Greek
1271 2427 1352 2466 rite
1375 2428 1617 2466 mentioned
1637 2428 1683 2466 in
1702 2427 1775 2467 the
1795 2429 1878 2480 (so-

215 2488 370 2538 called)
395 2487 570 2527 seventh
598 2500 732 2526 canon
761 2485 806 2525 os
826 2486 1173 2538 Constantinople
1194 2488 1319 2538 (with
1338 2486 1523 2540 Bright's
1547 2493 1679 2539 notes,
1699 2503 1739 2541 p.
1759 2490 1856 2541 187)
1864 2504 1875 2538 ;

218 2550 302 2589 and
322 2563 398 2589 seev
411 2549 637 2588 ExonclsM
655 2550 700 2587 in
719 2548 837 2587 Diet.
858 2546 959 2587 Chr.
979 2548 1083 2588 Ant.

270 2625 311 2664 4.
355 2614 788 2658 repraesentatione
835 2611 962 2656 ignis
1008 2613 1141 2650 illius
1187 2614 1406 2658 correpti.
1471 2613 1559 2652 The
1598 2613 1802 2654 formulae
1840 2615 1887 2654 of

217 2674 417 2713 exorcism
460 2674 676 2725 generally
706 2670 930 2711 contained
963 2684 990 2710 a
1017 2672 1224 2713 reference
1257 2678 1303 2713 to
1334 2674 1408 2714 the
1438 2674 1580 2714 future
1609 2676 1882 2727 punishment

217 2736 263 2775 of
284 2735 358 2775 the
378 2735 461 2775 evil
488 2735 642 2786 spirits.
699 2734 784 2773 For
801 2732 875 2772 the
897 2732 1013 2784 ignis
1039 2734 1117 2774 ille
1138 2748 1204 2775 see
1224 2735 1264 2776 S.
1287 2736 1417 2776 Matt.
1437 2749 1532 2777 xxv,
1554 2748 1622 2787 41,
1639 2738 1649 2757 ‘
1665 2737 1882 2777 Discedite

216 2811 242 2837 a
272 2797 348 2836 Me
378 2796 590 2836 maledicti
616 2797 661 2836 in
686 2796 828 2848 ignem
853 2798 1086 2846 aeternum,
1106 2797 1179 2849 qui
1197 2805 1368 2850 paratus
1388 2802 1452 2838 est
1472 2798 1638 2838 diabolo
1658 2803 1701 2838 et
1719 2800 1880 2851 angelis

216 2859 332 2915 ejus?

270 2937 308 2975 9.
339 2925 492 2970 Magis
512 2926 629 2963 fides
647 2935 797 2969 prona
817 2926 888 2962 est
913 2925 1136 2964 adversus
1157 2954 1167 2964 .
1191 2954 1200 2964 .
1225 2955 1233 2964 .
1252 2929 1492 2971 negantes,
1548 2924 1637 2964 The
1672 2930 1879 2966 construc-

215 2985 307 3025 tion
334 2986 370 3025 is
395 2999 500 3037 very
524 2985 650 3024 harsh
679 2985 716 3024 if
744 2985 818 3025 the
845 2989 938 3026 text
964 2986 1016 3025 be
1043 2990 1214 3026 correct.
1271 2986 1392 3026 Some
1421 2986 1514 3026 edd.
1538 2987 1638 3026 read
1666 2987 1713 3026 in
1741 2987 1881 3028 before

210 3047 426 3088 adversus.
489 3047 724 3086 Woodham
751 3046 1032 3088 understands
1060 3048 1257 3088 adversus
1284 3061 1331 3087 as
1350 3066 1387 3080 =
1407 3061 1519 3099 crya,
1547 3049 1631 3088 and
1656 3049 1731 3088 the
1758 3063 1879 3102 argu—

217 3113 336 3148 ment
356 3113 401 3149 to
419 3110 471 3149 be
492 3111 502 3129 ‘
515 3108 647 3148 credit
667 3108 703 3148 is
722 3120 836 3147 more
855 3110 988 3162 easily
1007 3110 1133 3161 given
1158 3117 1204 3149 to
1223 3109 1343 3149 those
1362 3110 1456 3149 who
1480 3110 1639 3150 confess
1663 3111 1881 3164 that.they

217 3183 289 3210 are
307 3171 392 3210 bad
410 3171 515 3210 than
535 3175 579 3210 to
598 3171 717 3210 those
736 3169 831 3210 who
853 3171 966 3223 deny
983 3170 1045 3211 it.'
1103 3175 1113 3194 ‘
1127 3171 1217 3211 Yet
1240 3185 1320 3224 pro
1344 3173 1570 3225 semetipsis
1597 3186 1728 3213 seems
1756 3177 1802 3214 to
1827 3174 1880 3213 be

219 3236 362 3272 meant
379 3236 425 3272 to
444 3245 607 3273 answer
627 3233 828 3272 adversus
845 3231 1109 3286 semetipsos?
