2124 3554
317 223 337 258 1
355 221 420 258 10
785 208 1119 261 Tertulliani
1152 208 1203 259 A
1201 208 1531 277 polegeticus
1679 218 1799 271 [Cn.
1818 219 1996 260 XXXV.

312 351 484 416 religio
510 351 863 417 deputabitur?
937 353 981 401 O
1006 370 1093 400 nos
1126 352 1303 401 merito
1341 353 1669 403 damnandos!
1743 354 1845 403 Cur
1869 353 1998 402 enim

312 440 429 484 vota
454 441 504 484 et
539 436 720 500 gaudia
746 437 1010 486 Caesarum
1047 436 1170 484 casti
1202 440 1253 484 et
1286 436 1439 484 sobrii
1466 437 1608 500 probi
1640 437 1999 502 expungimus'l

313 536 402 566 cur
438 519 516 567 die
551 520 682 568 laeto
718 537 818 567 non
854 520 1037 568 laureis
1069 522 1235 583 postes
1274 518 1623 568 obumbramus
1658 538 1747 569 nec
1784 521 2000 569 lucernis
2066 514 2070 516 V

313 602 444 653 diem
483 602 841 667 infringimus?
914 604 1138 651 Honesta
1183 619 1261 651 res
1308 607 1384 650 est
1426 603 1752 652 sollemnitate
1803 594 2002 668 publica

273 702 295 742 5
313 686 541 750 exigente
583 686 790 736 induere
828 686 997 735 domui
1037 691 1156 748 tuae
1193 685 1422 734 habitum
1463 686 1673 751 alicujus
1709 687 1823 735 novi
1859 687 2001 750 lupa-

314 769 462 818 naris.
531 769 698 821 Velim
733 775 898 819 tamen
922 770 975 817 in
1010 769 1101 817 hac
1132 786 1324 833 quoque
1359 769 1597 832 religione
1633 770 1870 819 secundae
1898 788 2002 818 ma-

308 851 520 914 jestatis,
584 852 644 901 de
702 869 802 916 qua
872 852 926 899 in
984 851 1252 900 secundum
1319 852 1629 915 sacrilegium
1689 854 2020 906 convenimur⁴

316 935 603 994 Christiani,
641 953 741 984 non
788 936 1077 985 celebrando
1124 935 1373 984 vobiscum
1421 937 1673 985 sollemnia
1723 937 2000 997 Caesarum,

315 1037 412 1082 quo
459 1037 590 1068 more
632 1020 871 1069 celebrari
912 1038 1001 1069 nec
1038 1020 1279 1069 modestia
1316 1039 1404 1070 nec
1450 1023 1749 1071 verecundia
1782 1040 1871 1071 nec
1912 1042 2005 1087 pu-

250 1115 301 1143 10
315 1102 486 1151 dicitia
548 1103 864 1167 permittunt,
927 1104 1013 1153 sed
1072 1104 1260 1152 occasio
1319 1105 1589 1168 voluptatis
1647 1106 1803 1170 magis
1857 1124 2004 1170 quam

315 1187 466 1249 digna
507 1186 633 1235 ratio
675 1187 933 1251 persuasit,
972 1187 1121 1235 fidem
1163 1191 1214 1236 et
1250 1187 1511 1237 veritatem
1548 1193 1765 1238 vestram
1806 1190 2006 1238 demon-

316 1277 472 1319 strare
486 1287 499 1330 ;
548 1287 610 1318 ne
651 1271 776 1320 forte
816 1276 867 1320 et
908 1270 1057 1319 isthic
1096 1271 1364 1331 deteriores
1402 1271 1702 1321 Christianis
1737 1272 2006 1336 deprehen-

317 1355 515 1413 dantur,
535 1353 622 1417 qui
646 1371 734 1402 nos
758 1354 933 1402 nolunt
957 1355 1201 1403 Romanos
1225 1354 1411 1414 haberi,
1431 1355 1515 1404 sed
1540 1356 1702 1404 hostes
1726 1355 2006 1420 principum

317 1437 660 1485 Romanorum.
753 1437 896 1502 Ipsos
945 1437 1180 1499 Quirites,
1230 1437 1387 1501 ipsam
1447 1439 1764 1487 vernaculam
1822 1442 2006 1502 septem

252 1542 301 1582 15
318 1520 514 1569 collium
553 1521 746 1583 plebem
783 1521 1030 1581 convenio,
1069 1539 1133 1568 an
1167 1521 1316 1569 alicui
1356 1521 1557 1570 Caesari
1594 1540 1681 1570 suo
1717 1526 1890 1585 parcat·
1920 1521 2008 1573 illa

316 1604 487 1668 lingua
529 1604 782 1651 Romana?
853 1604 1014 1654 Testis
1056 1609 1131 1654 est
1168 1605 1374 1663 Tiberis,
1413 1611 1462 1653 et
1501 1606 1689 1654 scholae
1724 1605 2006 1654 bestiarum.

377 1728 414 1755 2.
446 1716 775 1764 expungimus,
796 1717 808 1736 ‘
824 1714 1007 1766 perform
1021 1714 1031 1730 ’
1048 1727 1058 1763 ;
1087 1728 1157 1755 see
1175 1719 1292 1764 note,
1315 1715 1378 1756 ch.
1405 1728 1440 1755 2.

376 1790 411 1829 3.
445 1779 623 1817 laureis
652 1781 812 1823 postes
843 1780 1181 1817 obumbramus
1199 1792 1208 1818 :
1239 1792 1372 1830 comp.
1404 1778 1540 1818 Tacit.
1574 1781 1683 1818 Ann.
1713 1791 1782 1818 xv.
1820 1785 1885 1830 71,
1917 1780 1928 1799 ‘
1942 1791 2005 1817 or-

320 1853 423 1880 nare
441 1840 567 1879 lauru
587 1838 780 1878 domum’
801 1853 811 1887 ;
842 1839 894 1878 de
913 1839 1017 1879 idol.
1047 1850 1094 1889 15
1109 1853 1228 1892 pass.
1252 1853 1262 1888 ;
1292 1840 1351 1878 ad
1369 1854 1486 1879 umor.
1507 1841 1552 1880 ii.
1573 1838 1610 1879 6.

376 1902 415 1942 6.
445 1903 677 1948 religione
698 1904 932 1942 secundae
960 1904 1234 1949 majestatis.
1291 1903 1436 1954 Comp.
1457 1902 1522 1942 ch.
1548 1903 1612 1951 28,
1631 1901 1718 1941 and
1736 1901 1812 1941 the
1831 1914 2007 1954 passage

323 1965 433 2005 from
452 1964 511 2004 ad
529 1963 635 2004 Nat.
657 1964 685 2005 i.
711 1973 759 2016 17
790 1964 951 2016 quoted
978 1964 1025 2003 in
1053 1969 1154 2005 note
1182 1965 1316 2005 there.
1375 1965 1432 2004 In
1462 1965 1535 2004 the
1564 1964 1783 2016 following
1811 1964 2007 2016 chapters

324 2028 479 2079 religio
500 2027 536 2066 is
555 2026 799 2078 frequently
818 2027 922 2066 used
941 2027 987 2065 in
1007 2026 1094 2066 this
1114 2040 1235 2067 sense
1256 2027 1302 2067 of
1321 2028 1488 2081 loyalty
1507 2031 1553 2067 to
1572 2026 1647 2067 the
1667 2040 1868 2079 emperor.

386 2101 447 2130 11.
479 2092 623 2129 fidem
647 2093 696 2128 et
713 2091 969 2128 veritatem
987 2093 1197 2129 vestram
1217 2093 1551 2130 demonstrare.
1601 2089 1703 2129 This
1729 2090 1765 2129 is
1794 2088 1841 2128 of
1862 2101 2008 2129 course

325 2152 502 2192 ironical
522 2165 530 2192 :
561 2151 636 2191 the
657 2152 787 2191 satire
806 2152 842 2190 is
862 2151 1094 2191 continued
1112 2151 1262 2202 below,
1284 2154 1295 2173 ‘
1312 2152 1447 2191 Plane
1465 2151 1595 2191 ceteri
1615 2151 1780 2190 ordines
1802 2182 1812 2192 .
1836 2182 1846 2190 .
1867 2149 1891 2190 ,’

386 2227 448 2266 14.
476 2217 781 2255 vernaculam
799 2216 1009 2261 plebem:
1038 2227 1172 2266 comp.
1186 2216 1198 2236 ‘
1210 2215 1438 2254 vernacula
1457 2211 1719 2263 multitudo,'
1735 2213 1868 2253 Tacit.
1889 2213 2008 2266 Anni.

325 2293 353 2317 1.
378 2288 442 2328 31.

386 2351 448 2391 15.
483 2341 729 2380 convenio.
778 2338 878 2378 This
902 2338 1020 2378 word
1039 2338 1116 2377 has
1134 2338 1224 2390 just
1244 2338 1444 2378 occurred
1464 2339 1509 2378 in
1529 2339 1587 2378 its
1608 2338 1790 2378 forensia
1810 2351 1945 2388 sense,
1963 2349 2008 2378 as

326 2403 374 2442 in
392 2403 455 2443 ch.
474 2414 515 2454 9,
539 2403 605 2451 28,
624 2404 635 2422 ‘
652 2401 676 2441 I
695 2401 920 2454 judicially
941 2401 1095 2453 charge
1113 2414 1197 2454 you
1217 2404 1263 2441 to
1282 2414 1358 2453 say
1376 2400 1570 2441 whether
1588 2432 1598 2441 .
1625 2432 1634 2440 .
1656 2398 1682 2440 .’

439 2467 586 2506 alicui
607 2467 795 2504 Caesari
817 2477 903 2504 suo
919 2468 1096 2510 parcat.
1168 2464 1312 2516 Comp.
1334 2464 1383 2503 de
1403 2469 1528 2516 spect.
1554 2463 1616 2512 16,
1638 2467 1649 2485 ‘
1667 2463 1750 2504 Sed
1769 2463 1877 2502 circo
1905 2462 2010 2515 quid

326 2527 529 2578 amarius,
549 2527 623 2566 ubi
642 2540 696 2566 ne
715 2527 974 2579 principibus
994 2526 1167 2578 quidem
1187 2529 1264 2565 aut
1282 2526 1446 2566 civibus
1466 2527 1553 2566 suis
1573 2530 1753 2578 parcunt
1770 2523 1805 2565 '2
1835 2525 2004 2565 Sueton.

328 2591 446 2631 Nero
469 2601 546 2641 393
578 2589 744 2642 Vespas.
775 2600 838 2642 19,
865 2601 928 2639 23.
988 2589 1066 2629 See
1085 2592 1187 2629 next
1206 2592 1318 2628 note.

389 2652 451 2693 16.
487 2654 644 2691 'Pestis
660 2657 733 2691 est
750 2654 951 2691 Tiberis.
996 2651 1085 2690 The
1103 2650 1287 2690 allusion
1301 2651 1337 2690 is
1357 2655 1403 2690 to
1418 2650 1492 2690 the
1508 2650 1630 2703 dregs
1645 2650 1691 2690 of
1704 2650 1779 2690 the
1790 2648 2008 2702 populace,

329 2715 406 2755 the
423 2714 688 2755 inhabitants
717 2715 764 2753 of
786 2715 860 2754 the
889 2714 1020 2754 lower
1049 2714 1238 2766 portions
1263 2713 1310 2752 of
1333 2714 1409 2753 the
1437 2714 1525 2766 city
1542 2726 1647 2753 near
1673 2713 1748 2753 the
1776 2713 1904 2760 river,
1924 2711 2010 2751 and

330 2778 443 2817 their
461 2790 602 2817 coarse
621 2775 861 2817 witticisms
881 2789 994 2828 upon
1013 2775 1089 2816 the
1111 2789 1320 2827 emperors
1337 2789 1346 2823 ;
1376 2789 1509 2829 comp.
1532 2776 1592 2814 ad
1603 2775 1705 2814 Nat.
1726 2775 1755 2814 i.
1776 2782 1836 2827 17,
1866 2776 1879 2795 ‘
1893 2773 2010 2813 vani-

330 2840 436 2879 tatis
462 2839 687 2891 sacrilegia
715 2838 975 2886 conveniam,
1006 2841 1050 2878 et
1078 2837 1211 2889 ipsius
1239 2837 1493 2877 vernaculae
1520 2837 1660 2890 gentis
1689 2835 2010 2876 irreverentiam

331 2914 637 2953 recognoscam,
664 2905 708 2941 et
736 2901 911 2941 festivos
939 2900 1106 2940 libellos
1134 2913 1238 2952 quos
1267 2903 1435 2940 statuae
1468 2899 1620 2949 sciunt,
1656 2903 1700 2938 et
1731 2898 1808 2937 illa
1841 2897 2010 2949 obliqua

331 2978 640 3016 nonnunquam
669 2964 784 3004 dicta
804 2978 830 3003 a
857 2963 1033 3003 concilio
1064 2967 1192 3015 atque
1219 2962 1448 3003 maledicta
1476 2975 1585 3014 quae
1613 2961 1714 3001 circi
1744 2963 1906 3000 sonant.
1967 2959 2011 2999 Si

332 3041 419 3066 non
447 3027 575 3067 armis
606 3027 758 3067 saltem
786 3027 933 3078 lingua
962 3039 1126 3078 semper
1147 3025 1331 3065 'rebelles
1360 3022 1490 3064 estis.'
1545 3023 1782 3075 Lampoons
1805 3035 1917 3074 upon
1936 3022 2011 3061 the

333 3103 543 3141 emperors
562 3102 673 3130 were
693 3089 940 3129 infractions
970 3088 1016 3128 of
1039 3088 1113 3128 the
1141 3088 1224 3128 law
1243 3087 1289 3128 of
1312 3089 1516 3142 majestas
1546 3099 1592 3126 as
1621 3085 1814 3126 enforced
1841 3086 1900 3137 by
1920 3085 2009 3123 Au-

332 3155 496 3203 gustus,
516 3151 601 3190 and
620 3150 815 3190 Tiberius
844 3150 968 3190 made
989 3163 1095 3190 even
1115 3150 1292 3189 abusive
1310 3150 1519 3202 language
1541 3147 1819 3188 treasonable.
1878 3146 2011 3186 Meri-

333 3214 431 3253 vale
451 3213 564 3253 Hist.
591 3213 712 3252 Rom.
734 3226 775 3253 v.
805 3224 824 3251 2
831 3224 878 3264 51
903 3212 947 3253 ff.
1003 3212 1094 3251 The
1123 3211 1338 3252 dicacitas
1363 3211 1500 3263 plebi-s·
1517 3223 1604 3249 was
1624 3209 1826 3249 offensive
1845 3212 1890 3248 to
1913 3199 2012 3248 Dio-

333 3278 492 3319 cletian
522 3278 739 3330 (Lactant.
769 3279 821 3319 de
849 3280 971 3319 mort.
997 3290 1111 3330 pers.
1139 3277 1223 3330 17),
1252 3276 1417 3331 though
1442 3275 1624 3316 relished
1653 3274 1711 3328 by
1739 3274 2012 3315 Constantius
