<?xml version="1.0" encoding="UTF-8"?>
<!DOCTYPE html PUBLIC "-//W3C//DTD XHTML 1.0 Transitional//EN"
    "http://www.w3.org/TR/xhtml1/DTD/xhtml1-transitional.dtd">
<html xmlns="http://www.w3.org/1999/xhtml" xml:lang="en" lang="en">
 <head>
  <title>
</title>
<meta http-equiv="Content-Type" content="text/html;charset=utf-8" />
  <meta name='ocr-system' content='tesseract 3.04.00' />
  <meta name='ocr-capabilities' content='ocr_page ocr_carea ocr_par ocr_line ocrx_word'/>
</head>
<body>
  <div class='ocr_page' id='page_1' title='image "apologeticusadve00tertuoft_0188.png"; bbox 0 0 2124 3554; ppageno 0'>
   <div class='ocr_carea' id='block_1_1' title="bbox 216 204 1895 274">
    <p class='ocr_par' dir='ltr' id='par_1_1' title="bbox 216 177 1895 274">
     <span class='ocr_line' id='line_1_1' title="bbox 216 204 1895 274; baseline 0.003 -20"><span class='ocrx_word' id='word_1_1' title='bbox 216 219 234 254; x_wconf 85' lang='lat'><strong>1</strong></span> <span class='ocrx_word' id='word_1_2' title='bbox 247 213 319 269; x_wconf 86' lang='lat'><strong>50</strong></span> <span class='ocrx_word' id='word_1_3' title='bbox 684 204 1019 258; x_wconf 79' lang='lat' dir='ltr'><em>Tertulliani</em></span> <span class='ocrx_word' id='word_1_4' title='bbox 1052 205 1104 256; x_wconf 85' lang='lat' dir='ltr'><em>A</em></span> <span class='ocrx_word' id='word_1_5' title='bbox 1105 204 1425 274; x_wconf 81' lang='lat' dir='ltr'><strong>pologetz‘cus</strong></span> <span class='ocrx_word' id='word_1_6' title='bbox 1706 215 1828 268; x_wconf 61' lang='lat' dir='ltr'><strong>[cn.</strong></span> <span class='ocrx_word' id='word_1_7' title='bbox 1848 221 1895 260; x_wconf 89' lang='lat' dir='ltr'><strong>L.</strong></span> 
     </span>
    </p>
   </div>
   <div class='ocr_carea' id='block_1_2' title="bbox 142 349 1899 1580">
    <p class='ocr_par' dir='ltr' id='par_1_2' title="bbox 209 349 1897 662">
     <span class='ocr_line' id='line_1_2' title="bbox 210 349 1896 413; baseline 0.004 -17"><span class='ocrx_word' id='word_1_8' title='bbox 210 349 444 413; x_wconf 81' lang='lat' dir='ltr'>praedam</span> <span class='ocrx_word' id='word_1_9' title='bbox 479 349 681 399; x_wconf 86' lang='lat' dir='ltr'><strong>vivendi</strong></span> <span class='ocrx_word' id='word_1_10' title='bbox 716 349 769 398; x_wconf 90' lang='lat' dir='ltr'><strong>in</strong></span> <span class='ocrx_word' id='word_1_11' title='bbox 805 355 1076 399; x_wconf 82' lang='lat' dir='ltr'><strong>aeternum.</strong></span> <span class='ocrx_word' id='word_1_12' title='bbox 1149 350 1245 400; x_wconf 82' lang='lat' dir='ltr'><strong>Sed</strong></span> <span class='ocrx_word' id='word_1_13' title='bbox 1271 350 1564 400; x_wconf 88' lang='lat' dir='ltr'><strong>obducimur</strong></span> <span class='ocrx_word' id='word_1_14' title='bbox 1580 369 1593 412; x_wconf 86' lang='lat'><em>3</em></span> <span class='ocrx_word' id='word_1_15' title='bbox 1629 357 1760 402; x_wconf 87' lang='lat' dir='ltr'><strong>certe</strong></span> <span class='ocrx_word' id='word_1_16' title='bbox 1785 371 1896 402; x_wconf 89' lang='lat' dir='ltr'><strong>cum</strong></span> 
     </span>
     <span class='ocr_line' id='line_1_3' title="bbox 210 431 1895 498; baseline 0.003 -18"><span class='ocrx_word' id='word_1_17' title='bbox 210 431 544 482; x_wconf 71' lang='lat' dir='ltr'><strong>obtinuimus:</strong></span> <span class='ocrx_word' id='word_1_18' title='bbox 584 449 698 496; x_wconf 85' lang='lat' dir='ltr'><strong>ergo</strong></span> <span class='ocrx_word' id='word_1_19' title='bbox 734 432 959 492; x_wconf 87' lang='lat' dir='ltr'><strong>vicimus,</strong></span> <span class='ocrx_word' id='word_1_20' title='bbox 996 450 1108 482; x_wconf 90' lang='lat' dir='ltr'><strong>cum</strong></span> <span class='ocrx_word' id='word_1_21' title='bbox 1145 433 1442 494; x_wconf 84' lang='lat' dir='ltr'><strong>occidimur3</strong></span> <span class='ocrx_word' id='word_1_22' title='bbox 1486 434 1699 498; x_wconf 88' lang='lat' dir='ltr'><strong>denique</strong></span> <span class='ocrx_word' id='word_1_23' title='bbox 1733 436 1895 485; x_wconf 82' lang='lat' dir='ltr'><strong>evadi-</strong></span> 
     </span>
     <span class='ocr_line' id='line_1_4' title="bbox 210 515 1897 574; baseline 0.002 -11"><span class='ocrx_word' id='word_1_24' title='bbox 210 532 333 574; x_wconf 87' lang='lat' dir='ltr'>mus,</span> <span class='ocrx_word' id='word_1_25' title='bbox 371 532 484 564; x_wconf 89' lang='lat' dir='ltr'><strong>cum</strong></span> <span class='ocrx_word' id='word_1_26' title='bbox 521 515 825 564; x_wconf 89' lang='lat' dir='ltr'><strong>obducimur.</strong></span> <span class='ocrx_word' id='word_1_27' title='bbox 874 515 1018 564; x_wconf 89' lang='lat' dir='ltr'><strong>Licet</strong></span> <span class='ocrx_word' id='word_1_28' title='bbox 1054 533 1183 564; x_wconf 92' lang='lat' dir='ltr'><strong>nunc</strong></span> <span class='ocrx_word' id='word_1_29' title='bbox 1221 516 1559 565; x_wconf 78' lang='lat' dir='ltr'><strong>sarmenticios</strong></span> <span class='ocrx_word' id='word_1_30' title='bbox 1584 522 1634 566; x_wconf 91' lang='lat' dir='ltr'><strong>et</strong></span> <span class='ocrx_word' id='word_1_31' title='bbox 1657 518 1897 567; x_wconf 80' lang='lat' dir='ltr'><strong>semaxios</strong></span> 
     </span>
     <span class='ocr_line' id='line_1_5' title="bbox 209 598 1895 662; baseline 0.002 -16"><span class='ocrx_word' id='word_1_32' title='bbox 209 598 483 662; x_wconf 89' lang='lat' dir='ltr'><strong>appelletis,</strong></span> <span class='ocrx_word' id='word_1_33' title='bbox 502 598 619 661; x_wconf 88' lang='lat' dir='ltr'><strong>quia</strong></span> <span class='ocrx_word' id='word_1_34' title='bbox 637 599 700 647; x_wconf 89' lang='lat' dir='ltr'><strong>ad</strong></span> <span class='ocrx_word' id='word_1_35' title='bbox 719 598 942 662; x_wconf 77' lang='lat' dir='ltr'><strong>stipitem</strong></span> <span class='ocrx_word' id='word_1_36' title='bbox 961 599 1158 647; x_wconf 87' lang='lat' dir='ltr'><strong>dimidii</strong></span> <span class='ocrx_word' id='word_1_37' title='bbox 1175 599 1283 647; x_wconf 88' lang='lat' dir='ltr'><strong>axis</strong></span> <span class='ocrx_word' id='word_1_38' title='bbox 1302 599 1515 649; x_wconf 90' lang='lat' dir='ltr'><strong>revincti</strong></span> <span class='ocrx_word' id='word_1_39' title='bbox 1540 606 1895 651; x_wconf 76' lang='lat' dir='ltr'><strong>sarmentorum</strong></span> 
     </span>
    </p>

    <p class='ocr_par' dir='ltr' id='par_1_3' title="bbox 170 681 1897 829">
     <span class='ocr_line' id='line_1_6' title="bbox 170 681 1897 746; baseline 0.003 -17"><span class='ocrx_word' id='word_1_40' title='bbox 170 696 192 737; x_wconf 89' lang='lat'>5</span> <span class='ocrx_word' id='word_1_41' title='bbox 209 681 403 730; x_wconf 87' lang='lat' dir='ltr'><strong>ambitu</strong></span> <span class='ocrx_word' id='word_1_42' title='bbox 437 681 704 730; x_wconf 86' lang='lat' dir='ltr'><strong>exurimur.</strong></span> <span class='ocrx_word' id='word_1_43' title='bbox 774 681 874 730; x_wconf 91' lang='lat' dir='ltr'><strong>Hic</strong></span> <span class='ocrx_word' id='word_1_44' title='bbox 910 686 987 731; x_wconf 86' lang='lat' dir='ltr'><strong>est</strong></span> <span class='ocrx_word' id='word_1_45' title='bbox 1022 682 1220 731; x_wconf 85' lang='lat' dir='ltr'><strong>habitus</strong></span> <span class='ocrx_word' id='word_1_46' title='bbox 1243 682 1480 732; x_wconf 89' lang='lat' dir='ltr'><strong>victoriae</strong></span> <span class='ocrx_word' id='word_1_47' title='bbox 1515 689 1742 746; x_wconf 86' lang='lat' dir='ltr'><strong>nostrae3</strong></span> <span class='ocrx_word' id='word_1_48' title='bbox 1778 684 1897 734; x_wconf 88' lang='lat' dir='ltr'><strong>haec</strong></span> 
     </span>
     <span class='ocr_line' id='line_1_7' title="bbox 208 763 1341 829; baseline 0.001 -18"><span class='ocrx_word' id='word_1_49' title='bbox 208 764 427 828; x_wconf 90' lang='lat' dir='ltr'><strong>palmata</strong></span> <span class='ocrx_word' id='word_1_50' title='bbox 450 763 634 825; x_wconf 84' lang='lat' dir='ltr'><strong>vestis3</strong></span> <span class='ocrx_word' id='word_1_51' title='bbox 672 764 764 813; x_wconf 88' lang='lat' dir='ltr'><strong>tali</strong></span> <span class='ocrx_word' id='word_1_52' title='bbox 789 782 940 813; x_wconf 88' lang='lat' dir='ltr'><strong>curru</strong></span> <span class='ocrx_word' id='word_1_53' title='bbox 962 765 1341 829; x_wconf 88' lang='lat' dir='ltr'><strong>triumphamus.</strong></span> 
     </span>
    </p>

    <p class='ocr_par' dir='ltr' id='par_1_4' title="bbox 207 847 1898 1079">
     <span class='ocr_line' id='line_1_8' title="bbox 279 847 1897 914; baseline 0.002 -19"><span class='ocrx_word' id='word_1_54' title='bbox 279 847 462 896; x_wconf 88' lang='lat' dir='ltr'><strong>Merito</strong></span> <span class='ocrx_word' id='word_1_55' title='bbox 485 847 654 911; x_wconf 85' lang='lat' dir='ltr'><strong>itaque</strong></span> <span class='ocrx_word' id='word_1_56' title='bbox 678 847 825 897; x_wconf 85' lang='lat' dir='ltr'><strong>victis</strong></span> <span class='ocrx_word' id='word_1_57' title='bbox 849 866 948 896; x_wconf 92' lang='lat' dir='ltr'><strong>non</strong></span> <span class='ocrx_word' id='word_1_58' title='bbox 970 849 1249 912; x_wconf 88' lang='lat' dir='ltr'><strong>placemus:</strong></span> <span class='ocrx_word' id='word_1_59' title='bbox 1287 854 1548 913; x_wconf 89' lang='lat' dir='ltr'><strong>propterea</strong></span> <span class='ocrx_word' id='word_1_60' title='bbox 1571 849 1702 898; x_wconf 90' lang='lat' dir='ltr'><strong>enim</strong></span> <span class='ocrx_word' id='word_1_61' title='bbox 1727 850 1897 914; x_wconf 86' lang='lat' dir='ltr'><strong>despe-</strong></span> 
     </span>
     <span class='ocr_line' id='line_1_9' title="bbox 209 930 1898 999; baseline 0.002 -20"><span class='ocrx_word' id='word_1_62' title='bbox 209 931 309 980; x_wconf 86' lang='lat' dir='ltr'><strong>rati</strong></span> <span class='ocrx_word' id='word_1_63' title='bbox 332 936 383 980; x_wconf 91' lang='lat' dir='ltr'><strong>et</strong></span> <span class='ocrx_word' id='word_1_64' title='bbox 406 931 593 995; x_wconf 89' lang='lat' dir='ltr'><strong>perditi</strong></span> <span class='ocrx_word' id='word_1_65' title='bbox 617 930 972 982; x_wconf 85' lang='lat' dir='ltr'><strong>existimamur.</strong></span> <span class='ocrx_word' id='word_1_66' title='bbox 1045 932 1143 982; x_wconf 81' lang='lat' dir='ltr'><strong>Sed</strong></span> <span class='ocrx_word' id='word_1_67' title='bbox 1166 933 1287 982; x_wconf 89' lang='lat' dir='ltr'><strong>haec</strong></span> <span class='ocrx_word' id='word_1_68' title='bbox 1311 933 1587 997; x_wconf 84' lang='lat' dir='ltr'><strong>desperatio</strong></span> <span class='ocrx_word' id='word_1_69' title='bbox 1613 939 1663 983; x_wconf 90' lang='lat' dir='ltr'><strong>et</strong></span> <span class='ocrx_word' id='word_1_70' title='bbox 1685 934 1898 999; x_wconf 86' lang='lat' dir='ltr'><strong>perditio</strong></span> 
     </span>
     <span class='ocr_line' id='line_1_10' title="bbox 207 1014 1897 1079; baseline 0.002 -16"><span class='ocrx_word' id='word_1_71' title='bbox 207 1031 354 1079; x_wconf 91' lang='lat' dir='ltr'><strong>penes</strong></span> <span class='ocrx_word' id='word_1_72' title='bbox 401 1031 502 1074; x_wconf 88' lang='lat' dir='ltr'><strong>vos,</strong></span> <span class='ocrx_word' id='word_1_73' title='bbox 549 1014 603 1062; x_wconf 93' lang='lat' dir='ltr'><strong>in</strong></span> <span class='ocrx_word' id='word_1_74' title='bbox 645 1032 816 1064; x_wconf 87' lang='lat' dir='ltr'><strong>caussa</strong></span> <span class='ocrx_word' id='word_1_75' title='bbox 864 1015 1052 1079; x_wconf 84' lang='lat' dir='ltr'><strong>gloriae</strong></span> <span class='ocrx_word' id='word_1_76' title='bbox 1099 1021 1149 1064; x_wconf 90' lang='lat' dir='ltr'><strong>et</strong></span> <span class='ocrx_word' id='word_1_77' title='bbox 1195 1016 1370 1076; x_wconf 89' lang='lat' dir='ltr'><strong>famae,</strong></span> <span class='ocrx_word' id='word_1_78' title='bbox 1412 1016 1651 1066; x_wconf 88' lang='lat' dir='ltr'><strong>vexillum</strong></span> <span class='ocrx_word' id='word_1_79' title='bbox 1691 1017 1897 1067; x_wconf 84' lang='lat' dir='ltr'><strong>virtutis</strong></span> 
     </span>
    </p>

    <p class='ocr_par' dir='ltr' id='par_1_5' title="bbox 143 1097 1899 1496">
     <span class='ocr_line' id='line_1_11' title="bbox 143 1097 1898 1165; baseline 0.002 -18"><span class='ocrx_word' id='word_1_80' title='bbox 143 1120 193 1149; x_wconf 92' lang='lat'><strong>10</strong></span> <span class='ocrx_word' id='word_1_81' title='bbox 208 1097 469 1146; x_wconf 86' lang='lat' dir='ltr'><strong>extollunt.</strong></span> <span class='ocrx_word' id='word_1_82' title='bbox 542 1097 739 1147; x_wconf 88' lang='lat' dir='ltr'><strong>Mucius</strong></span> <span class='ocrx_word' id='word_1_83' title='bbox 768 1099 992 1146; x_wconf 86' lang='lat' dir='ltr'><strong>dextram</strong></span> <span class='ocrx_word' id='word_1_84' title='bbox 1023 1116 1161 1147; x_wconf 90' lang='lat' dir='ltr'><strong>suam</strong></span> <span class='ocrx_word' id='word_1_85' title='bbox 1193 1099 1353 1148; x_wconf 91' lang='lat' dir='ltr'><strong>libens</strong></span> <span class='ocrx_word' id='word_1_86' title='bbox 1385 1099 1441 1147; x_wconf 90' lang='lat' dir='ltr'><strong>in</strong></span> <span class='ocrx_word' id='word_1_87' title='bbox 1474 1117 1559 1148; x_wconf 86' lang='lat' dir='ltr'><strong>ara</strong></span> <span class='ocrx_word' id='word_1_88' title='bbox 1593 1099 1829 1165; x_wconf 82' lang='lat' dir='ltr'><strong>reliquit:</strong></span> <span class='ocrx_word' id='word_1_89' title='bbox 1868 1117 1898 1149; x_wconf 89' lang='grc' dir='ltr'>ο</span> 
     </span>
     <span class='ocr_line' id='line_1_12' title="bbox 207 1180 1895 1246; baseline 0.002 -16"><span class='ocrx_word' id='word_1_90' title='bbox 207 1180 489 1230; x_wconf 88' lang='lat' dir='ltr'><strong>sublimitas</strong></span> <span class='ocrx_word' id='word_1_91' title='bbox 545 1180 729 1229; x_wconf 76' lang='lat' dir='ltr'><strong>animi!</strong></span> <span class='ocrx_word' id='word_1_92' title='bbox 817 1182 1139 1246; x_wconf 83' lang='lat' dir='ltr'><strong>Empedocles</strong></span> <span class='ocrx_word' id='word_1_93' title='bbox 1186 1187 1348 1231; x_wconf 89' lang='lat' dir='ltr'><strong>totum</strong></span> <span class='ocrx_word' id='word_1_94' title='bbox 1396 1200 1498 1232; x_wconf 87' lang='lat' dir='ltr'><strong>sese</strong></span> <span class='ocrx_word' id='word_1_95' title='bbox 1547 1183 1895 1233; x_wconf 81' lang='lat' dir='ltr'><strong>Catanensium</strong></span> 
     </span>
     <span class='ocr_line' id='line_1_13' title="bbox 207 1263 1897 1330; baseline 0.002 -18"><span class='ocrx_word' id='word_1_96' title='bbox 207 1263 447 1312; x_wconf 83' lang='lat' dir='ltr'><strong>Aetnaeis</strong></span> <span class='ocrx_word' id='word_1_97' title='bbox 478 1263 720 1313; x_wconf 86' lang='lat' dir='ltr'><strong>incendiis</strong></span> <span class='ocrx_word' id='word_1_98' title='bbox 756 1264 995 1314; x_wconf 85' lang='lat' dir='ltr'><strong>donavit:</strong></span> <span class='ocrx_word' id='word_1_99' title='bbox 1037 1283 1064 1313; x_wconf 95' lang='lat' dir='ltr'><strong>o</strong></span> <span class='ocrx_word' id='word_1_100' title='bbox 1096 1265 1237 1330; x_wconf 86' lang='lat' dir='ltr'><strong>vigor</strong></span> <span class='ocrx_word' id='word_1_101' title='bbox 1271 1265 1483 1314; x_wconf 84' lang='lat' dir='ltr'><strong>mentis!</strong></span> <span class='ocrx_word' id='word_1_102' title='bbox 1555 1266 1745 1330; x_wconf 87' lang='lat' dir='ltr'><strong>Aliqua</strong></span> <span class='ocrx_word' id='word_1_103' title='bbox 1777 1266 1897 1315; x_wconf 83' lang='lat' dir='ltr'><strong>Car-</strong></span> 
     </span>
     <span class='ocr_line' id='line_1_14' title="bbox 207 1346 1899 1412; baseline 0.002 -16"><span class='ocrx_word' id='word_1_104' title='bbox 207 1346 426 1411; x_wconf 83' lang='lat' dir='ltr'><strong>thaginis</strong></span> <span class='ocrx_word' id='word_1_105' title='bbox 469 1346 721 1395; x_wconf 90' lang='lat' dir='ltr'><strong>conditrix</strong></span> <span class='ocrx_word' id='word_1_106' title='bbox 763 1364 882 1412; x_wconf 84' lang='lat' dir='ltr'><strong>rogo</strong></span> <span class='ocrx_word' id='word_1_107' title='bbox 925 1349 1194 1397; x_wconf 90' lang='lat' dir='ltr'><strong>secundum</strong></span> <span class='ocrx_word' id='word_1_108' title='bbox 1242 1349 1614 1398; x_wconf 88' lang='lat' dir='ltr'><strong>matrimonium</strong></span> <span class='ocrx_word' id='word_1_109' title='bbox 1657 1351 1820 1399; x_wconf 87' lang='lat' dir='ltr'><strong>dedit:</strong></span> <span class='ocrx_word' id='word_1_110' title='bbox 1869 1367 1899 1400; x_wconf 93' lang='lat' dir='ltr'><strong>o</strong></span> 
     </span>
     <span class='ocr_line' id='line_1_15' title="bbox 206 1430 1899 1496; baseline 0.003 -18"><span class='ocrx_word' id='word_1_111' title='bbox 206 1430 518 1494; x_wconf 88' lang='lat' dir='ltr'><strong>praeconium</strong></span> <span class='ocrx_word' id='word_1_112' title='bbox 537 1430 784 1479; x_wconf 81' lang='lat' dir='ltr'><strong>castitatis</strong></span> <span class='ocrx_word' id='word_1_113' title='bbox 803 1432 813 1479; x_wconf 80' lang='lat'>1</span> <span class='ocrx_word' id='word_1_114' title='bbox 870 1431 1113 1495; x_wconf 78' lang='lat' dir='ltr'><strong>ReguIUS‚</strong></span> <span class='ocrx_word' id='word_1_115' title='bbox 1130 1449 1191 1481; x_wconf 91' lang='lat' dir='ltr'><strong>ne</strong></span> <span class='ocrx_word' id='word_1_116' title='bbox 1210 1449 1339 1481; x_wconf 92' lang='lat' dir='ltr'><strong>unus</strong></span> <span class='ocrx_word' id='word_1_117' title='bbox 1364 1449 1454 1496; x_wconf 92' lang='lat' dir='ltr'><strong>pro</strong></span> <span class='ocrx_word' id='word_1_118' title='bbox 1477 1433 1650 1482; x_wconf 89' lang='lat' dir='ltr'><strong>multis</strong></span> <span class='ocrx_word' id='word_1_119' title='bbox 1675 1433 1899 1483; x_wconf 83' lang='lat' dir='ltr'><strong>hostibus</strong></span> 
     </span>
    </p>

    <p class='ocr_par' dir='ltr' id='par_1_6' title="bbox 142 1514 1899 1580">
     <span class='ocr_line' id='line_1_16' title="bbox 142 1514 1899 1580; baseline 0.002 -18"><span class='ocrx_word' id='word_1_120' title='bbox 142 1540 188 1580; x_wconf 87' lang='lat'><strong>15</strong></span> <span class='ocrx_word' id='word_1_121' title='bbox 206 1514 411 1572; x_wconf 88' lang='lat' dir='ltr'><strong>viveret,</strong></span> <span class='ocrx_word' id='word_1_122' title='bbox 440 1516 547 1560; x_wconf 89' lang='lat' dir='ltr'><strong>toto</strong></span> <span class='ocrx_word' id='word_1_123' title='bbox 583 1529 782 1576; x_wconf 86' lang='lat' dir='ltr'><strong>corpore</strong></span> <span class='ocrx_word' id='word_1_124' title='bbox 819 1531 985 1563; x_wconf 90' lang='lat' dir='ltr'><strong>cruces</strong></span> <span class='ocrx_word' id='word_1_125' title='bbox 1022 1514 1242 1578; x_wconf 88' lang='lat' dir='ltr'><strong>patitur:</strong></span> <span class='ocrx_word' id='word_1_126' title='bbox 1281 1532 1308 1563; x_wconf 97' lang='lat' dir='ltr'><strong>o</strong></span> <span class='ocrx_word' id='word_1_127' title='bbox 1345 1515 1509 1563; x_wconf 86' lang='lat' dir='ltr'><strong>virum</strong></span> <span class='ocrx_word' id='word_1_128' title='bbox 1543 1515 1722 1564; x_wconf 84' lang='lat' dir='ltr'><strong>fortem</strong></span> <span class='ocrx_word' id='word_1_129' title='bbox 1758 1520 1809 1565; x_wconf 88' lang='lat' dir='ltr'><strong>et</strong></span> <span class='ocrx_word' id='word_1_130' title='bbox 1844 1516 1899 1565; x_wconf 89' lang='lat' dir='ltr'><strong>in</strong></span> 
     </span>
    </p>
   </div>
   <div class='ocr_carea' id='block_1_3' title="bbox 206 1615 1899 3293">
    <p class='ocr_par' dir='ltr' id='par_1_7' title="bbox 206 1615 1899 1856">
     <span class='ocr_line' id='line_1_17' title="bbox 266 1615 1899 1666; baseline 0.002 -11"><span class='ocrx_word' id='word_1_131' title='bbox 266 1627 301 1655; x_wconf 89' lang='lat'><strong>1.</strong></span> <span class='ocrx_word' id='word_1_132' title='bbox 326 1619 423 1656; x_wconf 85' lang='lat' dir='ltr'><strong>Sed</strong></span> <span class='ocrx_word' id='word_1_133' title='bbox 442 1618 753 1656; x_wconf 84' lang='lat' dir='ltr'><strong>obducimur:</strong></span> <span class='ocrx_word' id='word_1_134' title='bbox 786 1618 797 1638; x_wconf 90' lang='lat'>‘</span> <span class='ocrx_word' id='word_1_135' title='bbox 813 1630 878 1656; x_wconf 88' lang='lat' dir='ltr'><strong>we</strong></span> <span class='ocrx_word' id='word_1_136' title='bbox 898 1629 970 1656; x_wconf 88' lang='lat' dir='ltr'><strong>are</strong></span> <span class='ocrx_word' id='word_1_137' title='bbox 991 1615 1203 1666; x_wconf 85' lang='lat' dir='ltr'><strong>afflicted‚’</strong></span> <span class='ocrx_word' id='word_1_138' title='bbox 1225 1621 1236 1639; x_wconf 89' lang='lat'>‘</span> <span class='ocrx_word' id='word_1_139' title='bbox 1249 1617 1560 1657; x_wconf 87' lang='lat' dir='ltr'><strong>overwhelmed</strong></span> <span class='ocrx_word' id='word_1_140' title='bbox 1573 1616 1609 1658; x_wconf 90' lang='lat'><strong>&#39;:</strong></span> <span class='ocrx_word' id='word_1_141' title='bbox 1637 1618 1833 1659; x_wconf 78' lang='lat' dir='ltr'><strong>obducere</strong></span> <span class='ocrx_word' id='word_1_142' title='bbox 1852 1619 1899 1659; x_wconf 90' lang='lat' dir='ltr'><strong>in</strong></span> 
     </span>
     <span class='ocr_line' id='line_1_18' title="bbox 207 1673 1897 1732; baseline 0.002 -14"><span class='ocrx_word' id='word_1_143' title='bbox 207 1680 294 1720; x_wconf 89' lang='lat' dir='ltr'><strong>late</strong></span> <span class='ocrx_word' id='word_1_144' title='bbox 311 1679 424 1719; x_wconf 87' lang='lat' dir='ltr'><strong>latin</strong></span> <span class='ocrx_word' id='word_1_145' title='bbox 445 1678 523 1718; x_wconf 87' lang='lat' dir='ltr'><strong>has</strong></span> <span class='ocrx_word' id='word_1_146' title='bbox 549 1678 624 1718; x_wconf 88' lang='lat' dir='ltr'><strong>the</strong></span> <span class='ocrx_word' id='word_1_147' title='bbox 651 1691 771 1718; x_wconf 86' lang='lat' dir='ltr'><strong>sense</strong></span> <span class='ocrx_word' id='word_1_148' title='bbox 801 1678 847 1718; x_wconf 83' lang='lat' dir='ltr'><strong>of</strong></span> <span class='ocrx_word' id='word_1_149' title='bbox 871 1673 1048 1728; x_wconf 76' lang='lat' dir='ltr'><strong>laedere,</strong></span> <span class='ocrx_word' id='word_1_150' title='bbox 1067 1679 1242 1729; x_wconf 65' lang='lat' dir='ltr'><strong>violare,</strong></span> <span class='ocrx_word' id='word_1_151' title='bbox 1272 1680 1359 1719; x_wconf 89' lang='lat' dir='ltr'><strong>and</strong></span> <span class='ocrx_word' id='word_1_152' title='bbox 1382 1693 1483 1732; x_wconf 81' lang='lat' dir='ltr'><strong>may</strong></span> <span class='ocrx_word' id='word_1_153' title='bbox 1502 1680 1555 1720; x_wconf 89' lang='lat' dir='ltr'><strong>be</strong></span> <span class='ocrx_word' id='word_1_154' title='bbox 1582 1694 1628 1720; x_wconf 88' lang='lat' dir='ltr'><strong>so</strong></span> <span class='ocrx_word' id='word_1_155' title='bbox 1652 1682 1757 1721; x_wconf 86' lang='lat' dir='ltr'><strong>used</strong></span> <span class='ocrx_word' id='word_1_156' title='bbox 1781 1681 1897 1731; x_wconf 86' lang='lat' dir='ltr'><strong>here,</strong></span> 
     </span>
     <span class='ocr_line' id='line_1_19' title="bbox 206 1741 1896 1798; baseline 0.002 -15"><span class='ocrx_word' id='word_1_157' title='bbox 206 1743 372 1795; x_wconf 85' lang='lat' dir='ltr'><strong>though</strong></span> <span class='ocrx_word' id='word_1_158' title='bbox 395 1743 432 1781; x_wconf 86' lang='lat' dir='ltr'><strong>it</strong></span> <span class='ocrx_word' id='word_1_159' title='bbox 458 1741 535 1782; x_wconf 89' lang='lat' dir='ltr'><strong>has</strong></span> <span class='ocrx_word' id='word_1_160' title='bbox 564 1742 652 1781; x_wconf 88' lang='lat' dir='ltr'><strong>also</strong></span> <span class='ocrx_word' id='word_1_161' title='bbox 681 1741 791 1781; x_wconf 89' lang='lat' dir='ltr'><strong>been</strong></span> <span class='ocrx_word' id='word_1_162' title='bbox 816 1742 1043 1794; x_wconf 87' lang='lat' dir='ltr'><strong>explained</strong></span> <span class='ocrx_word' id='word_1_163' title='bbox 1070 1742 1116 1782; x_wconf 92' lang='lat' dir='ltr'><strong>in</strong></span> <span class='ocrx_word' id='word_1_164' title='bbox 1142 1743 1217 1783; x_wconf 87' lang='lat' dir='ltr'><strong>the</strong></span> <span class='ocrx_word' id='word_1_165' title='bbox 1247 1756 1368 1784; x_wconf 88' lang='lat' dir='ltr'><strong>sense</strong></span> <span class='ocrx_word' id='word_1_166' title='bbox 1399 1743 1445 1783; x_wconf 86' lang='lat' dir='ltr'><strong>of</strong></span> <span class='ocrx_word' id='word_1_167' title='bbox 1468 1756 1732 1796; x_wconf 75' lang='lat' dir='ltr'><strong>expunqere;</strong></span> <span class='ocrx_word' id='word_1_168' title='bbox 1761 1758 1896 1798; x_wconf 90' lang='lat' dir='ltr'><strong>comp.</strong></span> 
     </span>
     <span class='ocr_line' id='line_1_20' title="bbox 206 1803 601 1856; baseline -0.008 -10"><span class='ocrx_word' id='word_1_169' title='bbox 206 1806 273 1847; x_wconf 93' lang='lat' dir='ltr'><strong>ch.</strong></span> <span class='ocrx_word' id='word_1_170' title='bbox 294 1803 361 1856; x_wconf 88' lang='lat'><strong>46,</strong></span> <span class='ocrx_word' id='word_1_171' title='bbox 384 1804 470 1843; x_wconf 91' lang='lat' dir='ltr'><strong>and</strong></span> <span class='ocrx_word' id='word_1_172' title='bbox 488 1807 601 1844; x_wconf 89' lang='lat' dir='ltr'><strong>note.</strong></span> 
     </span>
    </p>

    <p class='ocr_par' dir='ltr' id='par_1_8' title="bbox 210 1865 1898 1983">
     <span class='ocr_line' id='line_1_21' title="bbox 266 1865 1898 1920; baseline 0.001 -13"><span class='ocrx_word' id='word_1_173' title='bbox 266 1879 304 1919; x_wconf 82' lang='lat'><strong>3.</strong></span> <span class='ocrx_word' id='word_1_174' title='bbox 335 1868 665 1907; x_wconf 81' lang='lat' dir='ltr'><strong>sarmenticios</strong></span> <span class='ocrx_word' id='word_1_175' title='bbox 706 1870 754 1906; x_wconf 85' lang='lat' dir='ltr'><strong>et</strong></span> <span class='ocrx_word' id='word_1_176' title='bbox 792 1867 1052 1906; x_wconf 81' lang='lat' dir='ltr'><strong>semaxios:</strong></span> <span class='ocrx_word' id='word_1_177' title='bbox 1099 1868 1111 1888; x_wconf 88' lang='lat'>‘</span> <span class='ocrx_word' id='word_1_178' title='bbox 1124 1865 1388 1920; x_wconf 78' lang='lat' dir='ltr'><strong>saggot-men</strong></span> <span class='ocrx_word' id='word_1_179' title='bbox 1423 1866 1509 1906; x_wconf 89' lang='lat' dir='ltr'><strong>and</strong></span> <span class='ocrx_word' id='word_1_180' title='bbox 1542 1867 1898 1918; x_wconf 86' lang='lat' dir='ltr'><strong>halfaxle-men&#39;;</strong></span> 
     </span>
     <span class='ocr_line' id='line_1_22' title="bbox 210 1927 1646 1983; baseline 0 -13"><span class='ocrx_word' id='word_1_181' title='bbox 210 1943 343 1983; x_wconf 89' lang='lat' dir='ltr'><strong>comp.</strong></span> <span class='ocrx_word' id='word_1_182' title='bbox 363 1930 416 1970; x_wconf 79' lang='lat' dir='ltr'><strong>de</strong></span> <span class='ocrx_word' id='word_1_183' title='bbox 428 1929 579 1981; x_wconf 78' lang='lat' dir='ltr'><strong>pudic.</strong></span> <span class='ocrx_word' id='word_1_184' title='bbox 606 1940 672 1978; x_wconf 87' lang='lat'><strong>22,</strong></span> <span class='ocrx_word' id='word_1_185' title='bbox 690 1934 699 1950; x_wconf 81' lang='lat'><em>⁶</em></span> <span class='ocrx_word' id='word_1_186' title='bbox 712 1932 818 1980; x_wconf 87' lang='lat' dir='ltr'><strong>puta</strong></span> <span class='ocrx_word' id='word_1_187' title='bbox 837 1929 883 1967; x_wconf 87' lang='lat' dir='ltr'><strong>in</strong></span> <span class='ocrx_word' id='word_1_188' title='bbox 903 1942 993 1975; x_wconf 89' lang='lat' dir='ltr'><strong>axe,</strong></span> <span class='ocrx_word' id='word_1_189' title='bbox 1013 1929 1102 1981; x_wconf 87' lang='lat' dir='ltr'><strong>jam</strong></span> <span class='ocrx_word' id='word_1_190' title='bbox 1119 1929 1314 1969; x_wconf 89' lang='lat' dir='ltr'><strong>incendio</strong></span> <span class='ocrx_word' id='word_1_191' title='bbox 1335 1927 1553 1978; x_wconf 88' lang='lat' dir='ltr'><strong>astructo,&#39;</strong></span> <span class='ocrx_word' id='word_1_192' title='bbox 1571 1933 1646 1971; x_wconf 79' lang='lat' dir='ltr'><strong>ete.</strong></span> 
     </span>
    </p>

    <p class='ocr_par' dir='ltr' id='par_1_9' title="bbox 209 1991 1898 2170">
     <span class='ocr_line' id='line_1_23' title="bbox 264 1991 1898 2044; baseline 0.001 -12"><span class='ocrx_word' id='word_1_193' title='bbox 264 1991 305 2032; x_wconf 93' lang='lat'><strong>6.</strong></span> <span class='ocrx_word' id='word_1_194' title='bbox 321 1991 542 2039; x_wconf 70' lang='lat' dir='ltr'><strong>‘palmata</strong></span> <span class='ocrx_word' id='word_1_195' title='bbox 560 1994 722 2031; x_wconf 86' lang='lat' dir='ltr'><strong>vestis.</strong></span> <span class='ocrx_word' id='word_1_196' title='bbox 771 1991 861 2030; x_wconf 89' lang='lat' dir='ltr'><strong>The</strong></span> <span class='ocrx_word' id='word_1_197' title='bbox 883 1993 1034 2032; x_wconf 76' lang='lat' dir='ltr'><strong>tunica</strong></span> <span class='ocrx_word' id='word_1_198' title='bbox 1056 1992 1274 2044; x_wconf 78' lang='lat' dir='ltr'><strong>palmata,</strong></span> <span class='ocrx_word' id='word_1_199' title='bbox 1294 2005 1341 2031; x_wconf 89' lang='lat' dir='ltr'><strong>or</strong></span> <span class='ocrx_word' id='word_1_200' title='bbox 1360 1991 1460 2032; x_wconf 87' lang='lat' dir='ltr'><strong>robe</strong></span> <span class='ocrx_word' id='word_1_201' title='bbox 1483 1992 1774 2033; x_wconf 86' lang='lat' dir='ltr'><strong>embroidered</strong></span> <span class='ocrx_word' id='word_1_202' title='bbox 1790 1993 1898 2033; x_wconf 84' lang='lat' dir='ltr'><strong>with</strong></span> 
     </span>
     <span class='ocr_line' id='line_1_24' title="bbox 209 2053 1896 2108; baseline 0.001 -14"><span class='ocrx_word' id='word_1_203' title='bbox 209 2054 566 2108; x_wconf 81' lang='lat' dir='ltr'><strong>palm-branchos,</strong></span> <span class='ocrx_word' id='word_1_204' title='bbox 598 2066 716 2093; x_wconf 89' lang='lat' dir='ltr'><strong>worn</strong></span> <span class='ocrx_word' id='word_1_205' title='bbox 749 2053 808 2106; x_wconf 88' lang='lat' dir='ltr'><strong>by</strong></span> <span class='ocrx_word' id='word_1_206' title='bbox 837 2053 1065 2093; x_wconf 83' lang='lat' dir='ltr'><strong>victorious</strong></span> <span class='ocrx_word' id='word_1_207' title='bbox 1100 2054 1292 2106; x_wconf 87' lang='lat' dir='ltr'><strong>generals</strong></span> <span class='ocrx_word' id='word_1_208' title='bbox 1324 2054 1372 2093; x_wconf 90' lang='lat' dir='ltr'><strong>in</strong></span> <span class='ocrx_word' id='word_1_209' title='bbox 1399 2054 1513 2094; x_wconf 87' lang='lat' dir='ltr'><strong>their</strong></span> <span class='ocrx_word' id='word_1_210' title='bbox 1541 2055 1776 2107; x_wconf 85' lang='lat' dir='ltr'><strong>triumphal</strong></span> <span class='ocrx_word' id='word_1_211' title='bbox 1804 2069 1896 2108; x_wconf 88' lang='lat' dir='ltr'><strong>pro-</strong></span> 
     </span>
     <span class='ocr_line' id='line_1_25' title="bbox 209 2117 1813 2170; baseline 0 -11"><span class='ocrx_word' id='word_1_212' title='bbox 209 2119 417 2166; x_wconf 88' lang='lat' dir='ltr'><strong>cessions;</strong></span> <span class='ocrx_word' id='word_1_213' title='bbox 444 2117 539 2158; x_wconf 84' lang='lat' dir='ltr'><strong>Liv.</strong></span> <span class='ocrx_word' id='word_1_214' title='bbox 562 2130 602 2155; x_wconf 89' lang='lat' dir='ltr'><strong>x.</strong></span> <span class='ocrx_word' id='word_1_215' title='bbox 627 2124 675 2169; x_wconf 81' lang='lat'><strong>7;</strong></span> <span class='ocrx_word' id='word_1_216' title='bbox 705 2130 804 2156; x_wconf 90' lang='lat' dir='ltr'><strong>xxx.</strong></span> <span class='ocrx_word' id='word_1_217' title='bbox 828 2127 904 2168; x_wconf 84' lang='lat'><strong>153</strong></span> <span class='ocrx_word' id='word_1_218' title='bbox 933 2117 1114 2156; x_wconf 87' lang='lat' dir='ltr'><strong>Martial</strong></span> <span class='ocrx_word' id='word_1_219' title='bbox 1133 2117 1209 2158; x_wconf 90' lang='lat' dir='ltr'><strong>vii.</strong></span> <span class='ocrx_word' id='word_1_220' title='bbox 1235 2129 1272 2159; x_wconf 88' lang='lat'><strong>2.</strong></span> <span class='ocrx_word' id='word_1_221' title='bbox 1294 2118 1346 2167; x_wconf 78' lang='lat'><strong>83</strong></span> <span class='ocrx_word' id='word_1_222' title='bbox 1375 2118 1475 2157; x_wconf 90' lang='lat' dir='ltr'><strong>Val.</strong></span> <span class='ocrx_word' id='word_1_223' title='bbox 1497 2118 1616 2158; x_wconf 89' lang='lat' dir='ltr'><strong>Max.</strong></span> <span class='ocrx_word' id='word_1_224' title='bbox 1636 2119 1692 2158; x_wconf 90' lang='lat' dir='ltr'><strong>ix.</strong></span> <span class='ocrx_word' id='word_1_225' title='bbox 1717 2129 1753 2158; x_wconf 93' lang='lat'><strong>1.</strong></span> <span class='ocrx_word' id='word_1_226' title='bbox 1776 2129 1813 2170; x_wconf 85' lang='lat'><strong>5.</strong></span> 
     </span>
    </p>

    <p class='ocr_par' dir='ltr' id='par_1_10' title="bbox 209 2179 1896 2295">
     <span class='ocr_line' id='line_1_26' title="bbox 266 2179 1896 2233; baseline 0 -12"><span class='ocrx_word' id='word_1_227' title='bbox 266 2189 303 2233; x_wconf 90' lang='lat'><strong>7.</strong></span> <span class='ocrx_word' id='word_1_228' title='bbox 334 2182 573 2227; x_wconf 83' lang='lat' dir='ltr'><strong>desperati</strong></span> <span class='ocrx_word' id='word_1_229' title='bbox 593 2184 641 2218; x_wconf 87' lang='lat' dir='ltr'><strong>et</strong></span> <span class='ocrx_word' id='word_1_230' title='bbox 665 2181 845 2226; x_wconf 84' lang='lat' dir='ltr'><strong>perditi</strong></span> <span class='ocrx_word' id='word_1_231' title='bbox 866 2180 1210 2219; x_wconf 79' lang='lat' dir='ltr'><strong>existimamur.</strong></span> <span class='ocrx_word' id='word_1_232' title='bbox 1268 2179 1347 2219; x_wconf 83' lang='lat' dir='ltr'><strong>See</strong></span> <span class='ocrx_word' id='word_1_233' title='bbox 1365 2183 1501 2230; x_wconf 89' lang='lat' dir='ltr'><strong>notes,</strong></span> <span class='ocrx_word' id='word_1_234' title='bbox 1522 2180 1586 2220; x_wconf 91' lang='lat' dir='ltr'><strong>ch.</strong></span> <span class='ocrx_word' id='word_1_235' title='bbox 1613 2187 1687 2232; x_wconf 82' lang='lat'><strong>273</strong></span> <span class='ocrx_word' id='word_1_236' title='bbox 1716 2181 1775 2221; x_wconf 84' lang='lat' dir='ltr'><strong>ad</strong></span> <span class='ocrx_word' id='word_1_237' title='bbox 1793 2180 1896 2221; x_wconf 80' lang='lat' dir='ltr'><strong>Nat.</strong></span> 
     </span>
     <span class='ocr_line' id='line_1_27' title="bbox 209 2241 1752 2295; baseline -0.001 -12"><span class='ocrx_word' id='word_1_238' title='bbox 209 2243 237 2283; x_wconf 91' lang='lat' dir='ltr'><strong>i.</strong></span> <span class='ocrx_word' id='word_1_239' title='bbox 265 2243 327 2293; x_wconf 88' lang='lat'><strong>18,</strong></span> <span class='ocrx_word' id='word_1_240' title='bbox 350 2248 360 2264; x_wconf 92' lang='lat'><strong>‘</strong></span> <span class='ocrx_word' id='word_1_241' title='bbox 374 2242 449 2283; x_wconf 88' lang='lat' dir='ltr'><strong>sed</strong></span> <span class='ocrx_word' id='word_1_242' title='bbox 468 2242 622 2282; x_wconf 86' lang='lat' dir='ltr'><strong>vestris</strong></span> <span class='ocrx_word' id='word_1_243' title='bbox 642 2241 727 2281; x_wconf 88' lang='lat' dir='ltr'><strong>ista</strong></span> <span class='ocrx_word' id='word_1_244' title='bbox 746 2242 801 2281; x_wconf 85' lang='lat' dir='ltr'><strong>ad</strong></span> <span class='ocrx_word' id='word_1_245' title='bbox 820 2241 1015 2294; x_wconf 86' lang='lat' dir='ltr'><strong>gloriam,</strong></span> <span class='ocrx_word' id='word_1_246' title='bbox 1035 2241 1190 2281; x_wconf 89' lang='lat' dir='ltr'><strong>nostris</strong></span> <span class='ocrx_word' id='word_1_247' title='bbox 1210 2241 1266 2281; x_wconf 90' lang='lat' dir='ltr'><strong>ad</strong></span> <span class='ocrx_word' id='word_1_248' title='bbox 1285 2241 1491 2282; x_wconf 82' lang='lat' dir='ltr'><strong>duritiam</strong></span> <span class='ocrx_word' id='word_1_249' title='bbox 1510 2241 1752 2295; x_wconf 56' lang='lat' dir='ltr'><strong>deputatis?</strong></span> 
     </span>
    </p>

    <p class='ocr_par' dir='ltr' id='par_1_11' title="bbox 209 2304 1898 2421">
     <span class='ocr_line' id='line_1_28' title="bbox 268 2304 1898 2354; baseline 0.001 -10"><span class='ocrx_word' id='word_1_250' title='bbox 268 2317 330 2345; x_wconf 87' lang='lat'><strong>10.</strong></span> <span class='ocrx_word' id='word_1_251' title='bbox 362 2306 568 2346; x_wconf 81' lang='lat' dir='ltr'><strong>Mucius.</strong></span> <span class='ocrx_word' id='word_1_252' title='bbox 617 2304 663 2343; x_wconf 84' lang='lat' dir='ltr'><strong>C.</strong></span> <span class='ocrx_word' id='word_1_253' title='bbox 683 2304 856 2343; x_wconf 87' lang='lat' dir='ltr'><strong>Mucius</strong></span> <span class='ocrx_word' id='word_1_254' title='bbox 872 2304 1090 2354; x_wconf 86' lang='lat' dir='ltr'><strong>Scaevola,</strong></span> <span class='ocrx_word' id='word_1_255' title='bbox 1105 2304 1180 2344; x_wconf 90' lang='lat' dir='ltr'><strong>the</strong></span> <span class='ocrx_word' id='word_1_256' title='bbox 1197 2304 1410 2344; x_wconf 78' lang='lat' dir='ltr'><strong>would-be</strong></span> <span class='ocrx_word' id='word_1_257' title='bbox 1429 2305 1613 2345; x_wconf 87' lang='lat' dir='ltr'><strong>assassin</strong></span> <span class='ocrx_word' id='word_1_258' title='bbox 1628 2304 1674 2344; x_wconf 89' lang='lat' dir='ltr'><strong>of</strong></span> <span class='ocrx_word' id='word_1_259' title='bbox 1689 2306 1875 2346; x_wconf 82' lang='lat' dir='ltr'><strong>Porsena</strong></span> <span class='ocrx_word' id='word_1_260' title='bbox 1886 2318 1898 2354; x_wconf 80' lang='lat'><em>3</em></span> 
     </span>
     <span class='ocr_line' id='line_1_29' title="bbox 209 2366 1861 2421; baseline 0.001 -12"><span class='ocrx_word' id='word_1_261' title='bbox 209 2369 302 2409; x_wconf 91' lang='lat' dir='ltr'><strong>Liv.</strong></span> <span class='ocrx_word' id='word_1_262' title='bbox 324 2369 369 2408; x_wconf 90' lang='lat' dir='ltr'><strong>ii.</strong></span> <span class='ocrx_word' id='word_1_263' title='bbox 393 2379 440 2407; x_wconf 86' lang='lat'><strong>12</strong></span> <span class='ocrx_word' id='word_1_264' title='bbox 458 2381 468 2416; x_wconf 89' lang='lat'>;</span> <span class='ocrx_word' id='word_1_265' title='bbox 488 2367 586 2407; x_wconf 87' lang='lat' dir='ltr'><strong>Val.</strong></span> <span class='ocrx_word' id='word_1_266' title='bbox 602 2366 719 2406; x_wconf 89' lang='lat' dir='ltr'><strong>Max.</strong></span> <span class='ocrx_word' id='word_1_267' title='bbox 733 2368 793 2407; x_wconf 88' lang='lat' dir='ltr'><strong>iii.</strong></span> <span class='ocrx_word' id='word_1_268' title='bbox 810 2380 847 2419; x_wconf 83' lang='lat'><strong>3.</strong></span> <span class='ocrx_word' id='word_1_269' title='bbox 864 2378 882 2406; x_wconf 97' lang='lat'>1</span> <span class='ocrx_word' id='word_1_270' title='bbox 906 2380 916 2416; x_wconf 94' lang='lat'>;</span> <span class='ocrx_word' id='word_1_271' title='bbox 945 2367 1053 2409; x_wconf 91' lang='lat' dir='ltr'><strong>Aur.</strong></span> <span class='ocrx_word' id='word_1_272' title='bbox 1064 2368 1179 2408; x_wconf 86' lang='lat' dir='ltr'><strong>Vict.</strong></span> <span class='ocrx_word' id='word_1_273' title='bbox 1193 2367 1244 2407; x_wconf 81' lang='lat' dir='ltr'><strong>de</strong></span> <span class='ocrx_word' id='word_1_274' title='bbox 1259 2367 1339 2407; x_wconf 84' lang='lat' dir='ltr'><strong>vir.</strong></span> <span class='ocrx_word' id='word_1_275' title='bbox 1354 2367 1421 2407; x_wconf 86' lang='lat' dir='ltr'><strong>ill.</strong></span> <span class='ocrx_word' id='word_1_276' title='bbox 1441 2379 1512 2418; x_wconf 83' lang='lat'><strong>123</strong></span> <span class='ocrx_word' id='word_1_277' title='bbox 1542 2367 1721 2408; x_wconf 88' lang='lat' dir='ltr'><strong>Martial</strong></span> <span class='ocrx_word' id='word_1_278' title='bbox 1736 2382 1777 2408; x_wconf 94' lang='lat' dir='ltr'><strong>x.</strong></span> <span class='ocrx_word' id='word_1_279' title='bbox 1796 2379 1861 2421; x_wconf 86' lang='lat'><strong>25.</strong></span> 
     </span>
    </p>

    <p class='ocr_par' dir='ltr' id='par_1_12' title="bbox 209 2430 1899 2536">
     <span class='ocr_line' id='line_1_30' title="bbox 269 2430 1899 2484; baseline 0 -13"><span class='ocrx_word' id='word_1_280' title='bbox 269 2443 331 2472; x_wconf 92' lang='lat'><strong>11.</strong></span> <span class='ocrx_word' id='word_1_281' title='bbox 361 2433 689 2478; x_wconf 81' lang='lat' dir='ltr'><strong>Empedocles.</strong></span> <span class='ocrx_word' id='word_1_282' title='bbox 749 2431 893 2483; x_wconf 86' lang='lat' dir='ltr'><strong>Gomp.</strong></span> <span class='ocrx_word' id='word_1_283' title='bbox 923 2431 976 2471; x_wconf 85' lang='lat' dir='ltr'><strong>de</strong></span> <span class='ocrx_word' id='word_1_284' title='bbox 1004 2432 1135 2471; x_wconf 74' lang='lat' dir='ltr'><strong>anim.</strong></span> <span class='ocrx_word' id='word_1_285' title='bbox 1169 2441 1248 2480; x_wconf 84' lang='lat'><strong>32;</strong></span> <span class='ocrx_word' id='word_1_286' title='bbox 1277 2430 1337 2470; x_wconf 83' lang='lat' dir='ltr'><strong>ad</strong></span> <span class='ocrx_word' id='word_1_287' title='bbox 1364 2433 1491 2472; x_wconf 74' lang='lat' dir='ltr'><strong>mart.</strong></span> <span class='ocrx_word' id='word_1_288' title='bbox 1521 2442 1573 2483; x_wconf 90' lang='lat'><strong>4;</strong></span> <span class='ocrx_word' id='word_1_289' title='bbox 1607 2431 1730 2484; x_wconf 89' lang='lat' dir='ltr'><strong>Diog.</strong></span> <span class='ocrx_word' id='word_1_290' title='bbox 1754 2431 1899 2472; x_wconf 86' lang='lat' dir='ltr'><strong>Laert.</strong></span> 
     </span>
     <span class='ocr_line' id='line_1_31' title="bbox 209 2496 388 2536; baseline -0.006 -1"><span class='ocrx_word' id='word_1_291' title='bbox 209 2496 298 2536; x_wconf 83' lang='lat' dir='ltr'><strong>viii.</strong></span> <span class='ocrx_word' id='word_1_292' title='bbox 348 2506 388 2535; x_wconf 93' lang='lat'><strong>0.</strong></span> 
     </span>
    </p>

    <p class='ocr_par' dir='ltr' id='par_1_13' title="bbox 269 2503 1682 2608">
     <span class='ocr_line' id='line_1_32' title="bbox 269 2503 1682 2608; baseline -0.001 -10"><span class='ocrx_word' id='word_1_293' title='bbox 269 2503 343 2599; x_wconf 86' lang='lat'><strong>12.7</strong></span> <span class='ocrx_word' id='word_1_294' title='bbox 362 2559 543 2604; x_wconf 86' lang='lat' dir='ltr'><strong>Aliqua</strong></span> <span class='ocrx_word' id='word_1_295' title='bbox 565 2558 867 2603; x_wconf 82' lang='lat' dir='ltr'><strong>Carthaginis</strong></span> <span class='ocrx_word' id='word_1_296' title='bbox 887 2586 898 2598; x_wconf 92' lang='lat'><strong>.</strong></span> <span class='ocrx_word' id='word_1_297' title='bbox 922 2587 932 2596; x_wconf 93' lang='lat'><strong>.</strong></span> <span class='ocrx_word' id='word_1_298' title='bbox 955 2587 965 2597; x_wconf 87' lang='lat'><strong>.</strong></span> <span class='ocrx_word' id='word_1_299' title='bbox 987 2558 1134 2597; x_wconf 85' lang='lat' dir='ltr'><strong>dedit.</strong></span> <span class='ocrx_word' id='word_1_300' title='bbox 1194 2556 1324 2608; x_wconf 89' lang='lat' dir='ltr'><strong>Verg.</strong></span> <span class='ocrx_word' id='word_1_301' title='bbox 1345 2555 1446 2596; x_wconf 79' lang='lat' dir='ltr'><strong>Aen.</strong></span> <span class='ocrx_word' id='word_1_302' title='bbox 1464 2555 1523 2597; x_wconf 73' lang='grc' dir='ltr'><strong>ἰν.</strong></span> <span class='ocrx_word' id='word_1_303' title='bbox 1545 2567 1626 2608; x_wconf 84' lang='grc'><strong>504</strong></span> <span class='ocrx_word' id='word_1_304' title='bbox 1638 2555 1682 2597; x_wconf 85' lang='lat' dir='ltr'><strong>ff.</strong></span> 
     </span>
    </p>

    <p class='ocr_par' dir='ltr' id='par_1_14' title="bbox 206 2618 1899 3169">
     <span class='ocr_line' id='line_1_33' title="bbox 267 2618 1899 2673; baseline 0 -13"><span class='ocrx_word' id='word_1_305' title='bbox 267 2632 331 2672; x_wconf 83' lang='lat'><strong>13.</strong></span> <span class='ocrx_word' id='word_1_306' title='bbox 360 2622 613 2660; x_wconf 84' lang='lat' dir='ltr'><strong>conditrix.</strong></span> <span class='ocrx_word' id='word_1_307' title='bbox 652 2618 788 2658; x_wconf 86' lang='lat' dir='ltr'><strong>These</strong></span> <span class='ocrx_word' id='word_1_308' title='bbox 807 2619 896 2659; x_wconf 87' lang='lat' dir='ltr'><strong>late</strong></span> <span class='ocrx_word' id='word_1_309' title='bbox 916 2618 1119 2659; x_wconf 88' lang='lat' dir='ltr'><strong>feminine</strong></span> <span class='ocrx_word' id='word_1_310' title='bbox 1140 2618 1268 2658; x_wconf 87' lang='lat' dir='ltr'><strong>forms</strong></span> <span class='ocrx_word' id='word_1_311' title='bbox 1288 2633 1360 2658; x_wconf 86' lang='lat' dir='ltr'><strong>are</strong></span> <span class='ocrx_word' id='word_1_312' title='bbox 1383 2632 1484 2672; x_wconf 84' lang='lat' dir='ltr'><strong>very</strong></span> <span class='ocrx_word' id='word_1_313' title='bbox 1497 2619 1623 2659; x_wconf 91' lang='lat' dir='ltr'><strong>much</strong></span> <span class='ocrx_word' id='word_1_314' title='bbox 1642 2619 1823 2659; x_wconf 85' lang='lat' dir='ltr'><strong>affected</strong></span> <span class='ocrx_word' id='word_1_315' title='bbox 1842 2620 1899 2673; x_wconf 84' lang='lat' dir='ltr'><strong>by</strong></span> 
     </span>
     <span class='ocr_line' id='line_1_34' title="bbox 206 2680 1898 2734; baseline 0 -11"><span class='ocrx_word' id='word_1_316' title='bbox 206 2683 458 2723; x_wconf 87' lang='lat' dir='ltr'><strong>Tertullian.</strong></span> <span class='ocrx_word' id='word_1_317' title='bbox 517 2681 599 2721; x_wconf 90' lang='lat' dir='ltr'><strong>We</strong></span> <span class='ocrx_word' id='word_1_318' title='bbox 617 2681 728 2721; x_wconf 86' lang='lat' dir='ltr'><strong>have</strong></span> <span class='ocrx_word' id='word_1_319' title='bbox 747 2681 922 2734; x_wconf 85' lang='lat' dir='ltr'><strong>already</strong></span> <span class='ocrx_word' id='word_1_320' title='bbox 939 2686 1030 2721; x_wconf 89' lang='lat' dir='ltr'><strong>met</strong></span> <span class='ocrx_word' id='word_1_321' title='bbox 1051 2680 1159 2721; x_wconf 89' lang='lat' dir='ltr'><strong>with</strong></span> <span class='ocrx_word' id='word_1_322' title='bbox 1191 2681 1501 2732; x_wconf 78' lang='lat' dir='ltr'><strong>obumbratrix,</strong></span> <span class='ocrx_word' id='word_1_323' title='bbox 1521 2681 1587 2723; x_wconf 86' lang='lat' dir='ltr'><strong>ch.</strong></span> <span class='ocrx_word' id='word_1_324' title='bbox 1603 2694 1628 2734; x_wconf 95' lang='lat'>9</span> <span class='ocrx_word' id='word_1_325' title='bbox 1644 2696 1654 2730; x_wconf 90' lang='lat'>;</span> <span class='ocrx_word' id='word_1_326' title='bbox 1677 2682 1898 2734; x_wconf 77' lang='lat' dir='ltr'><strong>pollicita-</strong></span> 
     </span>
     <span class='ocr_line' id='line_1_35' title="bbox 210 2742 1898 2796; baseline -0.001 -11"><span class='ocrx_word' id='word_1_327' title='bbox 210 2747 316 2795; x_wconf 78' lang='lat' dir='ltr'><strong>trix,</strong></span> <span class='ocrx_word' id='word_1_328' title='bbox 336 2745 401 2785; x_wconf 91' lang='lat' dir='ltr'><strong>ch.</strong></span> <span class='ocrx_word' id='word_1_329' title='bbox 426 2756 446 2783; x_wconf 90' lang='lat'><strong>2</strong></span> <span class='ocrx_word' id='word_1_330' title='bbox 454 2756 506 2795; x_wconf 85' lang='lat'><strong>3;</strong></span> <span class='ocrx_word' id='word_1_331' title='bbox 534 2744 791 2796; x_wconf 53' lang='lat' dir='ltr'><strong>despectam,</strong></span> <span class='ocrx_word' id='word_1_332' title='bbox 811 2743 877 2783; x_wconf 91' lang='lat' dir='ltr'><strong>ch.</strong></span> <span class='ocrx_word' id='word_1_333' title='bbox 898 2742 963 2784; x_wconf 82' lang='lat'><strong>26.</strong></span> <span class='ocrx_word' id='word_1_334' title='bbox 1018 2744 1277 2793; x_wconf 73' lang='lat' dir='ltr'><strong>Avocatrioe,</strong></span> <span class='ocrx_word' id='word_1_335' title='bbox 1301 2746 1477 2793; x_wconf 76' lang='lat' dir='ltr'><strong>auctrioe,</strong></span> <span class='ocrx_word' id='word_1_336' title='bbox 1502 2745 1735 2796; x_wconf 74' lang='lat' dir='ltr'><strong>operatrix,</strong></span> <span class='ocrx_word' id='word_1_337' title='bbox 1763 2744 1898 2784; x_wconf 72' lang='lat' dir='ltr'><strong>disso-</strong></span> 
     </span>
     <span class='ocr_line' id='line_1_36' title="bbox 208 2805 1898 2859; baseline -0.002 -12"><span class='ocrx_word' id='word_1_338' title='bbox 208 2809 353 2856; x_wconf 71' lang='lat' dir='ltr'><strong>lutrix,</strong></span> <span class='ocrx_word' id='word_1_339' title='bbox 367 2805 689 2859; x_wconf 74' lang='lat' dir='ltr'><strong>praedicatrix,</strong></span> <span class='ocrx_word' id='word_1_340' title='bbox 711 2807 965 2855; x_wconf 71' lang='lat' dir='ltr'><strong>aversatrix,</strong></span> <span class='ocrx_word' id='word_1_341' title='bbox 987 2819 1058 2845; x_wconf 90' lang='lat' dir='ltr'><strong>are</strong></span> <span class='ocrx_word' id='word_1_342' title='bbox 1076 2806 1178 2846; x_wconf 86' lang='lat' dir='ltr'><strong>read</strong></span> <span class='ocrx_word' id='word_1_343' title='bbox 1204 2807 1253 2847; x_wconf 83' lang='lat' dir='ltr'><strong>de</strong></span> <span class='ocrx_word' id='word_1_344' title='bbox 1273 2808 1403 2847; x_wconf 82' lang='lat' dir='ltr'><strong>anim.</strong></span> <span class='ocrx_word' id='word_1_345' title='bbox 1434 2818 1469 2856; x_wconf 90' lang='lat'><strong>1,</strong></span> <span class='ocrx_word' id='word_1_346' title='bbox 1497 2814 1531 2857; x_wconf 89' lang='lat'><strong>7,</strong></span> <span class='ocrx_word' id='word_1_347' title='bbox 1557 2817 1621 2856; x_wconf 90' lang='lat'><strong>11,</strong></span> <span class='ocrx_word' id='word_1_348' title='bbox 1641 2817 1708 2858; x_wconf 86' lang='lat'><strong>42,</strong></span> <span class='ocrx_word' id='word_1_349' title='bbox 1728 2805 1796 2857; x_wconf 89' lang='lat'><strong>46,</strong></span> <span class='ocrx_word' id='word_1_350' title='bbox 1820 2816 1867 2857; x_wconf 86' lang='lat'><strong>51</strong></span> <span class='ocrx_word' id='word_1_351' title='bbox 1887 2819 1898 2855; x_wconf 83' lang='lat'><em>3</em></span> 
     </span>
     <span class='ocr_line' id='line_1_37' title="bbox 206 2867 1896 2920; baseline -0.002 -10"><span class='ocrx_word' id='word_1_352' title='bbox 206 2870 458 2917; x_wconf 77' lang='lat' dir='ltr'><strong>animatrix,</strong></span> <span class='ocrx_word' id='word_1_353' title='bbox 474 2869 775 2916; x_wconf 50' lang='lat' dir='ltr'><strong>consecratam,</strong></span> <span class='ocrx_word' id='word_1_354' title='bbox 791 2867 942 2920; x_wconf 80' lang='lat' dir='ltr'><strong>Seorp.</strong></span> <span class='ocrx_word' id='word_1_355' title='bbox 962 2879 998 2918; x_wconf 84' lang='lat'><strong>3.</strong></span> <span class='ocrx_word' id='word_1_356' title='bbox 1020 2878 1067 2906; x_wconf 86' lang='lat'><strong>12</strong></span> <span class='ocrx_word' id='word_1_357' title='bbox 1084 2880 1095 2916; x_wconf 89' lang='lat'>;</span> <span class='ocrx_word' id='word_1_358' title='bbox 1124 2870 1350 2919; x_wconf 62' lang='lat' dir='ltr'><strong>reperiris,</strong></span> <span class='ocrx_word' id='word_1_359' title='bbox 1371 2868 1420 2908; x_wconf 85' lang='lat' dir='ltr'><strong>de</strong></span> <span class='ocrx_word' id='word_1_360' title='bbox 1432 2869 1582 2920; x_wconf 71' lang='lat' dir='ltr'><strong>pudic.</strong></span> <span class='ocrx_word' id='word_1_361' title='bbox 1607 2875 1650 2920; x_wconf 89' lang='lat'><strong>7;</strong></span> <span class='ocrx_word' id='word_1_362' title='bbox 1681 2868 1896 2915; x_wconf 73' lang='lat' dir='ltr'><strong>cessatrix,</strong></span> 
     </span>
     <span class='ocr_line' id='line_1_38' title="bbox 208 2929 1896 2983; baseline -0.002 -11"><span class='ocrx_word' id='word_1_363' title='bbox 208 2933 306 2972; x_wconf 85' lang='lat' dir='ltr'><strong>adv.</strong></span> <span class='ocrx_word' id='word_1_364' title='bbox 327 2932 468 2971; x_wconf 81' lang='lat' dir='ltr'><strong>Marc.</strong></span> <span class='ocrx_word' id='word_1_365' title='bbox 483 2931 512 2971; x_wconf 89' lang='lat' dir='ltr'><strong>i.</strong></span> <span class='ocrx_word' id='word_1_366' title='bbox 537 2942 588 2982; x_wconf 86' lang='lat'><strong>24</strong></span> <span class='ocrx_word' id='word_1_367' title='bbox 601 2943 611 2979; x_wconf 92' lang='grc'><strong>;</strong></span> <span class='ocrx_word' id='word_1_368' title='bbox 641 2932 910 2982; x_wconf 71' lang='lat' dir='ltr'><strong>neqotiatrim,</strong></span> <span class='ocrx_word' id='word_1_369' title='bbox 930 2931 1235 2983; x_wconf 73' lang='lat' dir='ltr'><strong>conflictatrix,</strong></span> <span class='ocrx_word' id='word_1_370' title='bbox 1255 2931 1312 2970; x_wconf 85' lang='lat' dir='ltr'><strong>ib.</strong></span> <span class='ocrx_word' id='word_1_371' title='bbox 1335 2931 1380 2970; x_wconf 87' lang='lat' dir='ltr'><strong>ii.</strong></span> <span class='ocrx_word' id='word_1_372' title='bbox 1397 2942 1435 2981; x_wconf 83' lang='lat'><strong>3,</strong></span> <span class='ocrx_word' id='word_1_373' title='bbox 1459 2942 1538 2982; x_wconf 79' lang='lat'><strong>143</strong></span> <span class='ocrx_word' id='word_1_374' title='bbox 1569 2932 1757 2978; x_wconf 69' lang='lat' dir='ltr'><strong>cantrix,</strong></span> <span class='ocrx_word' id='word_1_375' title='bbox 1770 2930 1824 2970; x_wconf 85' lang='lat' dir='ltr'><strong>ib.</strong></span> <span class='ocrx_word' id='word_1_376' title='bbox 1837 2929 1896 2969; x_wconf 89' lang='lat' dir='ltr'><strong>iii.</strong></span> 
     </span>
     <span class='ocr_line' id='line_1_39' title="bbox 209 2991 1896 3046; baseline -0.002 -11"><span class='ocrx_word' id='word_1_377' title='bbox 209 3006 250 3046; x_wconf 76' lang='lat'><strong>5:</strong></span> <span class='ocrx_word' id='word_1_378' title='bbox 273 2993 559 3046; x_wconf 35' lang='lat' dir='ltr'><strong>reprobato-fix,</strong></span> <span class='ocrx_word' id='word_1_379' title='bbox 570 2993 626 3033; x_wconf 87' lang='lat' dir='ltr'><strong>ib.</strong></span> <span class='ocrx_word' id='word_1_380' title='bbox 643 2993 699 3032; x_wconf 85' lang='lat' dir='ltr'><strong>iv.</strong></span> <span class='ocrx_word' id='word_1_381' title='bbox 712 2991 786 3042; x_wconf 81' lang='lat'><strong>363</strong></span> <span class='ocrx_word' id='word_1_382' title='bbox 806 2994 1012 3044; x_wconf 70' lang='lat' dir='ltr'><strong>neqatrix,</strong></span> <span class='ocrx_word' id='word_1_383' title='bbox 1031 2993 1083 3031; x_wconf 86' lang='lat' dir='ltr'><strong>de</strong></span> <span class='ocrx_word' id='word_1_384' title='bbox 1095 2992 1203 3034; x_wconf 82' lang='lat' dir='ltr'><strong>idol.</strong></span> <span class='ocrx_word' id='word_1_385' title='bbox 1222 3004 1294 3044; x_wconf 81' lang='lat'><strong>233</strong></span> <span class='ocrx_word' id='word_1_386' title='bbox 1315 2993 1636 3045; x_wconf 77' lang='lat' dir='ltr'><strong>interpolatrix,</strong></span> <span class='ocrx_word' id='word_1_387' title='bbox 1646 2993 1695 3032; x_wconf 84' lang='lat' dir='ltr'><strong>de</strong></span> <span class='ocrx_word' id='word_1_388' title='bbox 1702 3004 1896 3044; x_wconf 72' lang='lat' dir='ltr'><strong>praescr.</strong></span> 
     </span>
     <span class='ocr_line' id='line_1_40' title="bbox 208 3053 1896 3109; baseline -0.002 -12"><span class='ocrx_word' id='word_1_389' title='bbox 208 3057 321 3097; x_wconf 74' lang='lat' dir='ltr'><strong>haer.</strong></span> <span class='ocrx_word' id='word_1_390' title='bbox 341 3066 379 3108; x_wconf 88' lang='lat'><strong>7,</strong></span> <span class='ocrx_word' id='word_1_391' title='bbox 394 3056 626 3109; x_wconf 68' lang='lat' dir='ltr'><strong>dqflectrioe,</strong></span> <span class='ocrx_word' id='word_1_392' title='bbox 645 3055 742 3094; x_wconf 83' lang='lat' dir='ltr'><strong>adv.</strong></span> <span class='ocrx_word' id='word_1_393' title='bbox 765 3055 862 3095; x_wconf 78' lang='lat' dir='ltr'><strong>Vaz.</strong></span> <span class='ocrx_word' id='word_1_394' title='bbox 879 3056 943 3105; x_wconf 84' lang='lat'><strong>38.</strong></span> <span class='ocrx_word' id='word_1_395' title='bbox 1000 3055 1124 3095; x_wconf 86' lang='lat' dir='ltr'><strong>Some</strong></span> <span class='ocrx_word' id='word_1_396' title='bbox 1137 3055 1183 3094; x_wconf 87' lang='lat' dir='ltr'><strong>of</strong></span> <span class='ocrx_word' id='word_1_397' title='bbox 1192 3055 1313 3095; x_wconf 85' lang='lat' dir='ltr'><strong>these</strong></span> <span class='ocrx_word' id='word_1_398' title='bbox 1327 3055 1567 3095; x_wconf 87' lang='lat' dir='ltr'><strong>Tertullian</strong></span> <span class='ocrx_word' id='word_1_399' title='bbox 1580 3067 1714 3094; x_wconf 84' lang='lat' dir='ltr'><strong>seems</strong></span> <span class='ocrx_word' id='word_1_400' title='bbox 1727 3057 1773 3093; x_wconf 89' lang='lat' dir='ltr'><strong>to</strong></span> <span class='ocrx_word' id='word_1_401' title='bbox 1784 3053 1896 3093; x_wconf 86' lang='lat' dir='ltr'><strong>have</strong></span> 
     </span>
     <span class='ocr_line' id='line_1_41' title="bbox 207 3115 1821 3169; baseline -0.002 -11"><span class='ocrx_word' id='word_1_402' title='bbox 207 3118 355 3159; x_wconf 90' lang='lat' dir='ltr'><strong>coined</strong></span> <span class='ocrx_word' id='word_1_403' title='bbox 384 3118 449 3157; x_wconf 89' lang='lat' dir='ltr'><strong>for</strong></span> <span class='ocrx_word' id='word_1_404' title='bbox 467 3118 535 3156; x_wconf 88' lang='lat' dir='ltr'><strong>his</strong></span> <span class='ocrx_word' id='word_1_405' title='bbox 555 3130 651 3157; x_wconf 89' lang='lat' dir='ltr'><strong>own</strong></span> <span class='ocrx_word' id='word_1_406' title='bbox 671 3116 828 3169; x_wconf 88' lang='lat' dir='ltr'><strong>special</strong></span> <span class='ocrx_word' id='word_1_407' title='bbox 841 3117 935 3166; x_wconf 81' lang='lat' dir='ltr'><strong>use,</strong></span> <span class='ocrx_word' id='word_1_408' title='bbox 957 3117 1043 3156; x_wconf 88' lang='lat' dir='ltr'><strong>and</strong></span> <span class='ocrx_word' id='word_1_409' title='bbox 1062 3116 1137 3156; x_wconf 85' lang='lat' dir='ltr'><strong>the</strong></span> <span class='ocrx_word' id='word_1_410' title='bbox 1157 3117 1292 3156; x_wconf 87' lang='lat' dir='ltr'><strong>above</strong></span> <span class='ocrx_word' id='word_1_411' title='bbox 1311 3117 1387 3157; x_wconf 90' lang='lat' dir='ltr'><strong>list</strong></span> <span class='ocrx_word' id='word_1_412' title='bbox 1408 3117 1444 3156; x_wconf 89' lang='lat' dir='ltr'><strong>is</strong></span> <span class='ocrx_word' id='word_1_413' title='bbox 1464 3120 1538 3156; x_wconf 90' lang='lat' dir='ltr'><strong>not</strong></span> <span class='ocrx_word' id='word_1_414' title='bbox 1559 3115 1821 3156; x_wconf 85' lang='lat' dir='ltr'><strong>exhaustive.</strong></span> 
     </span>
    </p>

    <p class='ocr_par' dir='ltr' id='par_1_15' title="bbox 208 3177 1894 3293">
     <span class='ocr_line' id='line_1_42' title="bbox 267 3177 1894 3232; baseline -0.002 -13"><span class='ocrx_word' id='word_1_415' title='bbox 267 3191 329 3231; x_wconf 93' lang='lat'><strong>14.</strong></span> <span class='ocrx_word' id='word_1_416' title='bbox 361 3181 585 3226; x_wconf 78' lang='lat' dir='ltr'><strong>Regulus.</strong></span> <span class='ocrx_word' id='word_1_417' title='bbox 644 3179 788 3218; x_wconf 86' lang='lat' dir='ltr'><strong>Cicero</strong></span> <span class='ocrx_word' id='word_1_418' title='bbox 801 3178 854 3218; x_wconf 85' lang='lat' dir='ltr'><strong>de</strong></span> <span class='ocrx_word' id='word_1_419' title='bbox 877 3177 1042 3231; x_wconf 74' lang='lat' dir='ltr'><strong>Officiis</strong></span> <span class='ocrx_word' id='word_1_420' title='bbox 1059 3179 1119 3219; x_wconf 92' lang='lat' dir='ltr'><strong>iii.</strong></span> <span class='ocrx_word' id='word_1_421' title='bbox 1144 3177 1206 3218; x_wconf 85' lang='lat'><strong>26.</strong></span> <span class='ocrx_word' id='word_1_422' title='bbox 1228 3191 1307 3232; x_wconf 86' lang='lat'><strong>99;</strong></span> <span class='ocrx_word' id='word_1_423' title='bbox 1338 3179 1443 3219; x_wconf 89' lang='lat' dir='ltr'><strong>Hor.</strong></span> <span class='ocrx_word' id='word_1_424' title='bbox 1472 3179 1610 3219; x_wconf 83' lang='lat' dir='ltr'><strong>Oarm.</strong></span> <span class='ocrx_word' id='word_1_425' title='bbox 1628 3178 1688 3217; x_wconf 84' lang='lat' dir='ltr'><strong>iii.</strong></span> <span class='ocrx_word' id='word_1_426' title='bbox 1711 3189 1733 3229; x_wconf 91' lang='lat'>5</span> <span class='ocrx_word' id='word_1_427' title='bbox 1755 3190 1764 3225; x_wconf 93' lang='lat'>;</span> <span class='ocrx_word' id='word_1_428' title='bbox 1793 3178 1894 3217; x_wconf 88' lang='lat' dir='ltr'><strong>Val.</strong></span> 
     </span>
     <span class='ocr_line' id='line_1_43' title="bbox 208 3238 1894 3293; baseline -0.002 -11"><span class='ocrx_word' id='word_1_429' title='bbox 208 3242 328 3282; x_wconf 89' lang='lat' dir='ltr'><strong>Max.</strong></span> <span class='ocrx_word' id='word_1_430' title='bbox 341 3242 386 3281; x_wconf 92' lang='lat' dir='ltr'><strong>ii.</strong></span> <span class='ocrx_word' id='word_1_431' title='bbox 407 3252 469 3282; x_wconf 89' lang='lat'><strong>10.</strong></span> <span class='ocrx_word' id='word_1_432' title='bbox 491 3242 514 3280; x_wconf 91' lang='lat'>8</span> <span class='ocrx_word' id='word_1_433' title='bbox 529 3253 541 3291; x_wconf 90' lang='lat'>;</span> <span class='ocrx_word' id='word_1_434' title='bbox 561 3241 637 3281; x_wconf 82' lang='lat' dir='ltr'><strong>the</strong></span> <span class='ocrx_word' id='word_1_435' title='bbox 649 3241 844 3282; x_wconf 83' lang='lat' dir='ltr'><strong>incident</strong></span> <span class='ocrx_word' id='word_1_436' title='bbox 859 3253 947 3282; x_wconf 86' lang='lat' dir='ltr'><strong>was</strong></span> <span class='ocrx_word' id='word_1_437' title='bbox 960 3240 1179 3281; x_wconf 81' lang='lat' dir='ltr'><strong>described</strong></span> <span class='ocrx_word' id='word_1_438' title='bbox 1194 3241 1241 3280; x_wconf 89' lang='lat' dir='ltr'><strong>in</strong></span> <span class='ocrx_word' id='word_1_439' title='bbox 1256 3240 1330 3281; x_wconf 79' lang='lat' dir='ltr'><strong>the</strong></span> <span class='ocrx_word' id='word_1_440' title='bbox 1346 3241 1447 3280; x_wconf 82' lang='lat' dir='ltr'><strong>18th</strong></span> <span class='ocrx_word' id='word_1_441' title='bbox 1463 3240 1580 3292; x_wconf 88' lang='lat' dir='ltr'><strong>(lost)</strong></span> <span class='ocrx_word' id='word_1_442' title='bbox 1597 3239 1706 3280; x_wconf 89' lang='lat' dir='ltr'><strong>book</strong></span> <span class='ocrx_word' id='word_1_443' title='bbox 1718 3238 1764 3279; x_wconf 92' lang='lat' dir='ltr'><strong>of</strong></span> <span class='ocrx_word' id='word_1_444' title='bbox 1770 3239 1894 3293; x_wconf 83' lang='lat' dir='ltr'><strong>Livy.</strong></span> 
     </span>
    </p>
   </div>
  </div>
 </body>
</html>
