2124 3554
278 181 349 251 96
742 185 1079 243 Tertulliani
1113 187 1165 239 A
1161 189 1491 257 polegeticus
1681 199 1800 253 [Cn.
1823 205 1958 244 xxv,

275 334 363 377 aut
396 329 671 379 simulacris
707 335 795 379 aut
832 331 1028 396 templis
1068 349 1146 381 res
1188 333 1356 382 divina
1391 335 1521 398 apud
1558 335 1805 385 Romanos
1843 353 1959 385 con-

276 412 470 472 stabat3
507 413 641 476 frugi
683 413 856 478 religio
893 420 944 464 et
980 433 1220 479 pauperes
1258 415 1402 476 ritus,
1445 421 1496 466 et
1536 418 1674 467 nulla
1713 419 1959 484 Capitolia

276 495 514 545 certantia
550 497 696 556 caelo,
741 499 826 546 sed
871 498 1132 546 temeraria
1169 499 1229 547 de
1269 499 1484 564 caespite
1521 500 1715 562 altaria,
1753 508 1804 551 et
1843 519 1960 552 vasa

274 578 434 627 adhuc
458 578 635 639 Samia,
661 583 712 628 et
735 580 881 628 nidor
911 597 972 629 ex
989 580 1107 640 illis,
1134 585 1184 629 et
1208 582 1329 630 deus
1356 581 1460 646 ipse
1492 599 1750 646 nusquam.
1823 585 1956 633 Non·
2001 593 2003 595 ’

234 691 257 731 5
275 661 391 710 dum
417 663 546 710 enim
571 667 690 711 tunc
713 662 911 727 ingenia
934 662 1236 713 Graecorum
1261 669 1408 728 atque
1425 666 1694 715 Tuscorum
1716 666 1958 730 fingendis

273 744 547 795 simulacris
592 747 766 795 urbem
807 746 1181 796 inundaverant.
1255 748 1390 813 Ergo
1435 766 1533 797 non
1580 755 1696 799 ante
1742 749 1958 814 religiosi

272 828 497 889 Romani,
539 844 686 892 quam
732 830 931 894 magni;
984 830 1190 895 ideoque
1235 849 1334 880 non
1377 831 1439 880 ob
1485 832 1578 881 hoc
1619 834 1798 898 magni,
1841 833 1957 898 quia

273 911 499 976 religiosi.
570 910 731 977 Atqui
756 914 998 978 quomodo
1021 915 1085 964 ob
1110 915 1395 978 religionem
1419 916 1601 980 magni,
1626 917 1803 980 quibus
1826 935 1955 981 mag-

273 996 447 1044 nitudo
489 995 549 1044 de
588 995 957 1059 irreligiositate
999 1000 1260 1061 provenit?
1330 998 1401 1046 Ni
1447 999 1593 1048 fallor
1632 1000 1774 1057 enim,
1817 1018 1957 1049 omne

207 1106 258 1133 10
273 1096 477 1143 regnum
495 1080 575 1127 vel
598 1079 861 1143 imperium
884 1081 1027 1130 bellis
1051 1082 1308 1145 quaeritur
1326 1086 1376 1130 et
1393 1082 1617 1131 victoriis
1641 1090 1956 1148 propagatur.

273 1163 422 1210 Porro
451 1162 581 1211 bella
611 1169 660 1212 et
683 1163 919 1213 victoriae
955 1165 1113 1229 captis
1151 1169 1200 1213 et
1229 1165 1408 1214 eversis
1443 1166 1716 1230 plurimum
1751 1167 1956 1215 urbibus

271 1249 510 1294 constant.
570 1246 634 1294 Id
657 1246 909 1311 negotium
933 1247 1036 1296 sine
1055 1248 1257 1297 deorum
1279 1249 1463 1313 injuria
1487 1267 1583 1298 non
1602 1254 1686 1299 est.
1743 1250 1955 1299 Eaedem

270 1334 457 1393 strages
487 1329 733 1378 moenium
757 1334 809 1379 et
830 1331 1138 1395 templorum,
1163 1349 1305 1396 pares
1329 1333 1496 1381 caedes
1520 1333 1701 1382 civium
1725 1337 1775 1382 et
1804 1350 1954 1383 sacer-

270 1412 458 1473 dotum,
492 1431 581 1462 nec
619 1413 881 1464 dissimiles
916 1414 1118 1479 rapinae
1154 1432 1402 1465 sacrarum
1436 1416 1723 1467 divitiarum
1759 1421 1809 1465 et
1842 1434 1955 1481 pro-

206 1522 253 1562 15
270 1498 509 1545 sanarum.
581 1497 677 1545 Tot
708 1497 868 1561 igitur
898 1498 1156 1562 sacrilegia
1192 1498 1540 1559 Romanorum,
1569 1505 1689 1564 quot
1724 1503 1953 1564 tropaea;

269 1584 348 1629 tot
380 1580 440 1628 de
478 1579 587 1640 diis,
614 1585 735 1644 quot
759 1581 818 1629 de
851 1581 1081 1645 gentibus
1113 1582 1386 1646 triumphi3
1423 1587 1501 1632 tot
1536 1583 1808 1643 manubiae,
1835 1589 1956 1648 quot

268 1668 469 1712 manent
492 1664 650 1713 adhuc
675 1664 935 1714 simulacra
953 1666 1260 1730 captivorum
1284 1667 1503 1716 deorum.
1563 1667 1630 1715 Et
1647 1667 1709 1715 ab
1733 1666 1953 1716 hostibus

268 1764 384 1811 ergo
410 1746 511 1796 suis
535 1748 780 1796 sustinent
804 1747 1010 1808 adorari,
1038 1754 1087 1797 et
1111 1750 1211 1799 illis
1246 1748 1507 1814 imperium
1541 1750 1643 1799 sine
1668 1749 1764 1798 fine
1789 1750 1952 1798 decer·

268 1834 409 1891 nunt,
437 1848 649 1895 quorum
684 1829 840 1894 magis
875 1831 1078 1894 injurias
1103 1850 1250 1897 quam
1279 1833 1582 1883 adolationes
1618 1849 1952 1882 remunerasse

273 1937 283 1956 ‘
299 1934 498 1987 religious
518 1934 889 1987 scrupulousness.’
947 1935 1112 1985 Above,
1134 1936 1199 1977 ch.
1226 1947 1289 1986 23,
1309 1937 1346 1976 it
1371 1937 1449 1980 has
1472 1936 1548 1977 the
1570 1936 1744 1976 modern
1767 1949 1886 1976 sense
1910 1936 1957 1975 of

274 1998 546 2050 ‘quaintness
560 1995 571 2014 '
586 2010 596 2045 ;
624 1997 774 2049 below,
793 1997 858 2038 ch.
875 2005 944 2049 47,
965 1997 1060 2038 that
1081 1997 1127 2038 of
1143 2003 1153 2020 ‘
1166 1999 1449 2039 meddlesome
1467 1999 1622 2052 fancy.'

330 2071 365 2100 2.
395 2062 524 2107 frugi
551 2061 734 2107 religio.
804 2060 895 2100 The
923 2060 995 2100 old
1023 2060 1191 2100 Roman
1219 2061 1397 2114 religion
1425 2075 1512 2103 was
1546 2061 1728 2114 homely,
1759 2061 1844 2102 and
1876 2061 1951 2101 the

270 2120 423 2162 deities
441 2135 553 2162 were
571 2123 674 2174 gods
695 2122 742 2162 of
755 2122 1308 2173 households,offie1ds,of
1322 2124 1476 2165 woods.
1532 2124 1675 2176 Comp.
1697 2124 1772 2163 the
1793 2123 1953 2164 section

270 2184 612 2237 defiuyalilate,
635 2185 729 2225 Val.
752 2184 869 2225 Max.
891 2185 936 2225 ii.
958 2196 997 2236 5.
1055 2186 1123 2226 On
1144 2185 1218 2226 the
1245 2186 1459 2226 healthier
1480 2187 1565 2226 and
1587 2200 1715 2238 purer
1733 2186 1951 2226 character

271 2247 316 2286 of
324 2247 398 2287 the
414 2247 486 2286 old
501 2247 667 2286 Roman
681 2247 862 2300 religion
877 2261 946 2287 see
958 2248 1135 2300 Dionys
1151 2249 1291 2288 Halic.
1305 2248 1434 2288 Arc-k.
1456 2249 1501 2288 ii.
1520 2250 1598 2297 183
1618 2248 1775 2288 Tibull.
1788 2249 1816 2287 i.
1829 2262 1870 2289 Χ.
1885 2260 1949 2301 19

380 2312 513 2348 nulla
535 2311 784 2356 Capitolia.
842 2309 1022 2350 Martial
1040 2325 1080 2350 Χ.
1102 2321 1171 2361 51.
1196 2321 1258 2361 13.

327 2382 365 2421 3.
395 2385 510 2412 vasa
533 2374 702 2420 Samia,
725 2374 755 2411 i.
764 2386 796 2413 e.
819 2371 1164 2423 ‘ssearthenware
1184 2373 1249 2413 for
1267 2373 1406 2413 which
1431 2373 1507 2413 the
1532 2372 1611 2413 isle
1631 2373 1678 2412 of
1699 2327 1845 2413 Samos
1864 2385 1950 2412 was

269 2435 532 2483 celebrated3
560 2435 749 2476 Tibull.
737 2449 765 2476 1.
792 2446 827 2474 1.
849 2446 928 2487 393
957 2435 1069 2476 Plin.
1092 2436 1150 2476 N.
1172 2436 1231 2476 H.
1251 2436 1394 2477 xxxiv,
1420 2444 1456 2487 7.

324 2509 363 2548 4.
395 2500 512 2537 deus
539 2499 654 2547 ipse,
680 2498 710 2537 i.
721 2510 754 2538 e.
785 2497 1072 2547 simulacrum,
1095 2504 1105 2520 ‘
1120 2498 1197 2538 the
1224 2496 1391 2550 image.’
1448 2498 1532 2537 For
1559 2497 1710 2549 nearly
1736 2501 1822 2537 two
1847 2493 1948 2537 'cen-

269 2559 402 2599 turies
428 2560 586 2611 images
605 2573 716 2599 were
743 2560 960 2600 unknown
984 2561 1029 2599 in
1057 2560 1207 2608 Rome,
1227 2560 1315 2599 and
1339 2573 1392 2599 on
1418 2559 1532 2600 their
1550 2559 1642 2599 first
1660 2559 1947 2599 introduction

268 2635 379 2661 were
402 2621 526 2660 made
553 2621 599 2660 of
620 2621 741 2660 wood
766 2635 813 2661 or
836 2621 956 2674 clay;
985 2621 1098 2661 Plin.
1122 2622 1207 2668 l.c.‚
1229 2625 1240 2647 ⁶
1256 2622 1502 2674 Mirumque
1528 2621 1635 2661 mihi
1655 2621 1827 2660 videtur
1851 2634 1947 2661 cum

268 2687 506 2723 statuorum
526 2684 643 2735 origo
662 2689 753 2723 tam
768 2687 891 2723 vetus
906 2684 953 2723 in
972 2684 1105 2724 Italia
1123 2685 1180 2724 sit
1198 2685 1341 2736 lignea
1360 2684 1501 2737 potius
1515 2689 1592 2724 aut
1606 2684 1755 2724 fictilia
1773 2683 1946 2723 deorum

268 2746 491 2786 simulacra
518 2747 564 2786 in
591 2746 778 2786 delubris
797 2746 938 2786 dicata
964 2759 1097 2799 usque
1122 2746 1177 2786 ad
1204 2747 1417 2786 devictam
1435 2747 1599 2796 Asiam,
1619 2746 1731 2786 unde
1749 2746 1950 2787 luxuria)

267 2808 411 2860 Comp.
432 2809 563 2848 Olem.
586 2809 712 2850 Alex,
739 2810 895 2849 δία-07η.
920 2809 947 2848 i.
972 2819 1049 2859 15;
1079 2808 1232 2849 Euseb.
1258 2822 1410 2861 praep.
1432 2821 1582 2860 evang.
1601 2809 1656 2848 ix,
1680 2820 1730 2858 33
1758 2808 1942 2860 August.

267 2871 320 2909 de
339 2873 416 2911 civ.
439 2871 525 2910 Dei
544 2872 600 2911 iv.
622 2884 662 2924 9,
685 2882 733 2921 31
754 2885 765 2920 ;
792 2873 952 2912 Juven.
972 2872 1029 2912 vi.
1050 2882 1087 2920 1,
1110 2870 1190 2924 346
1210 2871 1256 2912 ff.

323 2946 358 2985 5.
389 2937 595 2982 ingenia.
654 2935 733 2975 See
752 2939 865 2985 note,
887 2935 953 2976 ch.
977 2946 1051 2987 15;
1080 2949 1212 2987 comp.
1235 2936 1286 2975 de
1303 2938 1430 2988 spect.
1452 2946 1502 2987 5;
1530 2934 1643 2975 Plin.
1667 2935 1695 2974 Z.
1710 2948 1741 2974 c.

326 3009 343 3035 1
355 3009 389 3036 2.
422 3000 630 3037 Eaedem
649 3002 843 3045 strages.
874 2998 1017 3050 Comp.
1030 2998 1093 3038 ch.
1111 3009 1179 3049 40,
1200 3001 1211 3019 ‘
1224 2999 1397 3038 eaedem
1411 2997 1551 3038 clades
1570 2997 1836 3048 templorum,
1840 2994 1851 3014 '
1865 3001 1937 3038 etc.

325 3070 387 3110 14.
417 3062 611 3106 rapinae
632 3073 869 3101 sacrarum
883 3063 1180 3102 divitiarum.
1239 3062 1384 3113 Comp.
1404 3060 1498 3101 Liv.
1517 3074 1614 3100 xxv.
1635 3072 1700 3110 40.

325 3123 386 3161 18.
418 3125 658 3162 sustinent
689 3125 905 3163 adorari:
937 3123 1067 3175 ‘they
1095 3122 1275 3163 tolerate
1305 3123 1378 3163 the
1408 3121 1589 3174 worship
1619 3134 1726 3161 even
1756 3122 1802 3161 of
1827 3121 1942 3161 their

263 3182 472 3223 enemies.’
529 3183 608 3223 See
627 3188 742 3233 note,
761 3184 826 3223 ch.
849 3185 890 3224 8.

323 3257 383 3301 19.
407 3248 720 3287 adolationes.
749 3246 1080 3298 ==adoratione83
1100 3246 1297 3288 adolere
1285 3260 1332 3287 m
1344 3245 1565 3288 sacrificial
1584 3245 1793 3299 language
1812 3245 1940 3298 being
