2124 3554
206 233 280 297 46
679 233 1010 287 Tertulliani
1043 233 1095 284 Α
1089 233 1419 302 polegetz'cus
1551 284 1556 288 .
1657 242 1774 296 [Cu.
1796 248 1894 289 ΧΠ.

207 379 368 428 lorum
391 378 928 442 instrumentorumque
948 378 1292 437 communium,
1312 378 1391 427 vel
1411 395 1471 428 ex
1488 377 1663 427 iisdem
1679 381 1893 430 vasculis

207 467 259 512 et
281 463 626 513 instrumentis
651 462 793 528 quasi
827 463 984 511 fatum
1022 462 1381 521 consecratione
1405 465 1669 523 mutantes,
1695 462 1894 514 licentia

205 547 328 596 artis
352 549 749 613 transfigurante,
775 551 826 597 et
858 547 1056 611 quidem
1093 545 1576 594 contumeliosissime
1613 550 1661 595 et
1695 546 1749 595 in
1783 547 1894 612 ipso
1969 607 1971 609 q

206 647 353 694 opere
390 632 641 695 sacrilege,
676 635 733 680 ut
769 647 943 679 revera
977 628 1118 678 nobis
1152 627 1381 689 maxime,
1419 628 1506 692 qui
1539 634 1743 694 propter
1778 631 1894 679 deos

161 713 336 778 5ipsos
370 715 646 778 plectimur,
673 714 901 764 solatium
936 729 1206 778 poenarum
1236 729 1338 761 esse
1372 712 1541 775 Possit,
1566 713 1696 777 quod
1728 712 1895 762 eadem

206 802 256 846 et
278 796 377 861 ipsi
400 798 680 862 patiuntur,
707 802 767 847 ut
790 797 924 845 fiant.
995 795 1239 845 Crucibus
1265 800 1316 844 et
1348 795 1603 860 stipitibus
1638 795 1894 861 imponitis

207 879 547 930 Christianos:
602 882 735 946 quod
770 880 1086 929 simulacrum
1123 897 1220 928 non
1260 878 1401 943 prius
1437 879 1616 943 argilla
1652 880 1894 929 deformat

207 964 341 1012 cruci
377 968 427 1012 et
462 964 625 1028 stipiti
659 964 1031 1029 superstructa?
1102 962 1166 1011 In
1202 962 1428 1026 patibulo
1463 962 1681 1027 primum
1716 980 1893 1028 corpus

204 1046 286 1095 dei
304 1048 459 1096 vestri
476 1047 746 1097 dedicatur.
796 1047 1015 1111 'Ungulis
1034 1046 1274 1095 deraditis
1294 1039 1449 1095 latera
1469 1045 1892 1107 Christianorum3

140 1141 191 1170 10
206 1133 259 1178 at
293 1129 348 1177 in
383 1130 497 1179 deos
531 1135 721 1180 vestros
760 1148 850 1195 per
886 1129 1051 1179 omnia
1091 1130 1309 1179 membra
1345 1128 1558 1179 validius
1599 1129 1894 1179 incumbunt

205 1213 376 1273 asciae,
421 1218 473 1263 et
518 1214 764 1275 runcinae,
808 1217 858 1262 et
898 1214 1138 1264 scobinae.
1208 1213 1435 1264 Cervices
1476 1213 1732 1279 ponimus:
1775 1218 1893 1263 ante

204 1297 462 1361 plumbum
487 1303 537 1346 et
560 1297 807 1361 glutinum
831 1301 882 1346 et
906 1297 1142 1362 gomphos
1167 1297 1270 1347 sine
1296 1297 1456 1362 capite
1490 1302 1606 1347 sunt
1631 1297 1702 1346 dii
1725 1297 1893 1347 vestri.

207 1380 290 1429 Ad
335 1381 515 1430 bestias
561 1381 877 1446 impellimur,
926 1387 1056 1430 certe
1104 1398 1225 1445 quas
1267 1380 1466 1441 Libero,
1510 1385 1560 1430 et
1602 1381 1800 1444 Cybele,
1844 1387 1894 1431 et

208 1464 423 1514 Caelesti
463 1465 737 1530 applicatis.
807 1464 1016 1530 Ignibus
1056 1465 1278 1515 urimur:
1328 1466 1418 1515 hoc
1456 1471 1507 1516 et
1550 1467 1628 1517 illi
1665 1485 1696 1516 a
1730 1466 1892 1536 prima

265 1662 303 1704 6.
334 1666 390 1702 ut
409 1664 551 1702 fiant:
582 1661 650 1701 ‘in
672 1661 748 1701 the
767 1674 932 1714 process
951 1662 998 1702 of
1011 1661 1126 1703 their
1143 1662 1467 1705 manufactum?

333 1727 563 1765 Crucibus
584 1728 632 1764 et
653 1726 898 1771 stipitibus
918 1737 927 1764 :
962 1724 1066 1765 with
1088 1725 1163 1765 the
1182 1725 1376 1767 methods
1396 1726 1444 1766 of
1466 1730 1632 1767 torture
1649 1728 1752 1770 here
1770 1743 1886 1771 men-

206 1787 353 1828 tioned
372 1801 504 1839 comp.
525 1786 647 1827 those
667 1786 713 1826 in
732 1786 808 1826 the
827 1799 1003 1839 passage
1022 1786 1087 1827 eh.
1111 1797 1176 1837 30,
1198 1790 1210 1810 ‘
1224 1788 1284 1828 sic
1303 1788 1449 1841 itaque
1473 1803 1549 1830 nos
1580 1790 1636 1830 ad
1655 1791 1796 1832 Deum
1815 1807 1885 1834 ex-

203 1863 355 1902 pansos
384 1849 569 1902 ungulae
597 1848 778 1897 fodiant,
808 1862 951 1889 cruces
981 1849 1268 1902 suspendant:
1300 1854 1404 1901 etc.;
1432 1852 1518 1892 and
1551 1853 1603 1892 de
1629 1854 1782 1906 pudic.
1820 1867 1886 1897 22.

206 1911 290 1952 For
307 1912 382 1952 the
401 1912 654 1952 barbarities
682 1911 729 1951 of
752 1911 827 1952 the
856 1911 1079 1952 Neronian
1107 1913 1374 1964 persecution
1395 1927 1465 1954 see
1484 1915 1657 1955 Tacitus
1676 1916 1792 1957 Ann.
1814 1931 1886 1959 xv.

205 1987 273 2027 44,
300 1978 311 1996 ‘
323 1975 382 2015 Et
401 1975 673 2026 pereuntibus
694 1973 842 2014 addita
859 1973 1060 2024 ludibria,
1082 1978 1132 2014 ut
1150 1975 1337 2015 ferarum
1355 1977 1487 2030 tergis
1504 1978 1700 2028 contecti,
1720 1979 1888 2021 laniatu

206 2050 360 2077 canum
379 2037 619 2087 interirent,
642 2040 718 2077 aut
743 2036 936 2076 crucibus
966 2036 1108 2086 adfixi,
1127 2041 1204 2078 aut
1233 2037 1491 2088 flammandi,
1516 2044 1658 2092 atque,
1681 2041 1754 2081 ubi
1774 2042 1887 2082 defe-

207 2100 335 2140 cisset
361 2100 464 2150 dies,
495 2100 541 2139 in
570 2113 694 2139 usum
722 2098 918 2139 nocturni
947 2098 1122 2139 luminis
1149 2100 1401 2142 urerentur.'
1460 2103 1602 2156 Comp.
1624 2103 1778 2145 Euseb.
1798 2119 1838 2145 v.
1865 2117 1883 2145 1

207 2163 273 2202 for
291 2162 365 2202 the
383 2162 665 2216 martyrdoms
684 2163 730 2202 in
755 2162 868 2203 Gaul
895 2161 1032 2201 under
1060 2162 1234 2202 Marcus
1255 2163 1487 2211 Aurelius;
1519 2165 1605 2205 and
1624 2166 1713 2205 viii.
1741 2178 1790 2217 13
1819 2167 1885 2208 for

207 2225 282 2265 the
300 2224 543 2265 Diocletian
562 2225 770 2273 cruelties,
794 2235 836 2265 A.
849 2234 894 2264 D.
918 2235 996 2274 303
1013 2237 1022 2264 ε
1054 2237 1123 2265 see
1146 2225 1221 2265 the
1240 2227 1422 2280 opening
1441 2227 1616 2280 chapter
1636 2227 1683 2268 of
1698 2228 1888 2283 Bright's

208 2287 396 2339 History
416 2288 471 2339 of
484 2287 552 2327 the
578 2287 756 2336 Ohwrck‚
779 2297 878 2327 A.D.
902 2296 1106 2338 313-451.

265 2357 301 2402 7.
333 2347 752 2401 αΥςΠΙαε-ἅργιλλος
787 2347 944 2401 (ἀργῆς,
976 2347 1137 2402 white),
1169 2349 1325 2391 ‘white
1350 2349 1474 2404 clay,'
1505 2350 1702 2404 ‘potter’s
1738 2352 1888 2404 earth,’

215 2410 372 2464 ‘argiL'
429 2412 519 2451 The
537 2412 656 2452 word
676 2425 820 2453 occurs
840 2411 993 2464 chiefly
1011 2412 1058 2451 in
1078 2412 1244 2452 writers
1271 2427 1325 2453 on
1344 2413 1607 2468 husbandry,
1628 2429 1660 2455 e.
1678 2429 1724 2468 9.
1746 2415 1888 2458 Palla·

207 2474 300 2514 dius
321 2473 406 2514 and
426 2474 686 2523 Columella3
716 2487 847 2527 comp.
868 2474 997 2527 Verg.
1022 2473 1170 2527 Geor-9.
1190 2475 1233 2516 ii.
1260 2475 1355 2517 180.

263 2549 301 2589 9.
331 2539 592 2577 dedicatur.
653 2537 732 2577 See
751 2541 867 2584 note,
888 2537 952 2577 ch.
976 2547 1014 2588 5.

266 2610 328 2649 13.
359 2601 438 2638 Ad
456 2601 636 2639 bestias
667 2629 677 2640 .
710 2630 719 2639 .
752 2630 761 2639 .
791 2602 979 2648 Libero,
1003 2604 1079 2639 ete.
1136 2598 1342 2650 Bacchus,
1370 2601 1543 2654 Cybele,
1574 2601 1659 2642 and
1679 2602 1885 2643 Caelestis

208 2673 316 2700 were
338 2659 454 2700 often
472 2661 746 2713 represented
764 2662 810 2701 in
829 2661 1012 2702 chariots
1039 2661 1188 2702 drawn
1216 2663 1275 2714 by
1294 2663 1416 2713 lions,
1438 2663 1603 2717 lynxes,
1624 2664 1710 2704 and
1732 2665 1885 2718 tigers;

207 2736 339 2774 comp.
361 2722 531 2762 Lucret.
554 2723 600 2763 ii.
621 2721 729 2772 6003
757 2724 886 2776 Verg.
907 2724 1017 2765 Aen.
1035 2724 1094 2763 iii.
1119 2735 1165 2763 11
1178 2737 1193 2763 1
1218 2724 1263 2765 ff.
1321 2726 1352 2766 J
1356 2726 1666 2766 uno—Caelestis
1681 2740 1768 2767 was
1782 2739 1887 2767 wor-

208 2784 387 2836 shipped
408 2788 452 2824 at
473 2785 686 2837 Carthage
706 2785 842 2825 under
861 2785 935 2825 the
955 2785 1088 2838 figure
1108 2785 1154 2824 of
1169 2799 1195 2825 a
1214 2786 1355 2839 virgin
1381 2788 1544 2828 carried
1571 2792 1617 2828 to
1644 2788 1809 2829 heaven
1828 2788 1885 2840 by

207 2860 233 2886 a
261 2848 377 2896 lion;
406 2848 616 2900 Apuleius
636 2847 920 2901 Metamorph.
944 2847 982 2897 6,
1017 2849 1028 2869 ‘
1045 2847 1199 2900 Magni
1227 2849 1258 2888 J
1262 2849 1351 2889 ovis
1379 2863 1581 2903 germana
1609 2854 1653 2890 et
1680 2851 1884 2902 conjuga:

208 2909 298 2948 sive
335 2913 385 2948 tu
425 2909 542 2949 Sami
583 2941 592 2949 .
635 2941 643 2949 .
686 2941 695 2949 .
734 2914 855 2951 tenes
884 2913 1055 2950 vetusta
1088 2910 1278 2961 delubra,
1317 2911 1407 2952 sive
1433 2912 1570 2953 celsae
1598 2911 1883 2964 Carthaginis,

207 2984 316 3022 quae
347 2975 391 3010 te
427 2971 640 3022 virginem
674 2976 850 3012 vectura
878 2972 1012 3012 leonis
1041 2972 1158 3012 caelo
1186 2977 1491 3014 commeantem
1517 2973 1709 3026 percolit,
1737 2973 1885 3015 beatas

208 3031 325 3071 sedes
363 3031 637 3084 frequentas,’
680 3037 757 3074 eto.
817 3034 884 3090 On
921 3033 1158 3074 Christians
1189 3033 1357 3077 thrown
1386 3039 1431 3075 to
1467 3034 1543 3075 the
1575 3036 1717 3076 beasts
1749 3050 1884 3089 comp.

207 3093 274 3134 ch.
297 3105 364 3145 40.

267 3167 329 3206 14.
362 3159 579 3197 Caelesti.
637 3157 714 3197 See
740 3158 816 3198 the
844 3158 1156 3208 Introduction,
1182 3171 1221 3210 p.
1238 3158 1296 3207 xi,
1326 3158 1412 3199 and
1439 3158 1587 3209 below,
1619 3159 1683 3199 oh.
1718 3171 1783 3210 23,
1818 3171 1882 3212 24,

207 3217 348 3258 where
370 3218 612 3258 Tertullian
631 3219 839 3261 indicates
859 3220 1064 3261 Caelestis
1082 3233 1128 3260 as
1148 3220 1222 3260 the
1241 3220 1433 3260 national
1453 3220 1638 3274 divinity
1658 3221 1704 3261 of
1717 3222 1882 3264 Africa.

208 3281 354 3332 Comp.
397 3280 640 3333 Augustine
686 3283 824 3324 Serm.
865 3283 945 3323 cvi.
1003 3293 1067 3335 12,
1122 3282 1368 3336 scarthago
1411 3283 1457 3323 in
1505 3284 1675 3325 nomine
1722 3285 1883 3327 Christi
