2124 3554
236 201 258 236 1
273 200 339 248 14
702 185 1036 238 Tertulliani
1070 184 1450 254 Apologetz'cus
1549 193 1670 246 [CAP.
1695 195 1916 236 XXXVII.

229 329 383 393 fungi,
422 330 508 379 sed
544 329 598 377 in
635 329 698 378 iis
736 330 967 389 moribus,
1007 329 1185 394 quibus
1228 329 1442 378 civilitas
1478 330 1532 377 in
1573 330 1920 394 imperatorem

229 416 334 460 tam
358 430 472 462 vere
503 430 646 477 quam
681 413 812 461 circa
837 431 1005 462 omnes
1040 429 1236 462 necesse
1259 413 1410 462 habet
1435 412 1672 463 exhiberi.
1743 413 1920 476 Neque

229 495 361 544 enim
385 495 502 545 haec
529 513 677 560 opera
700 497 854 545 bonae
878 497 1058 545 mentis
1083 496 1201 545 solis
1225 495 1605 560 imperatoribus
1628 497 1869 546 debentur
1891 513 1921 543 a

229 578 382 627 nobis.
456 579 666 627 Nullum
690 580 876 628 bonum
901 580 992 628 sub
1018 578 1307 644 exceptione
1343 596 1663 643 personarum
1688 578 1919 628 adminis-
1958 582 1960 584 ’

188 671 212 713 5
229 668 432 723 tramus,
477 663 593 727 quia
640 663 782 712 nobis
828 669 1148 728 praestamus,
1201 663 1289 726 qui
1335 680 1436 711 non
1483 663 1545 711 ab
1591 663 1785 711 homine
1831 667 1919 711 aut

228 745 402 806 laudis,
427 750 514 795 aut
543 746 752 810 praemii
782 762 1050 810 expensum
1084 750 1367 810 captamus:
1407 746 1491 795 sed
1515 763 1544 794 a
1568 746 1672 794 Deo
1695 749 1919 795 exactore

227 835 278 877 et
304 834 670 878 remuneratore
692 828 1019 878 indifferentis
1043 829 1381 892 benignitatis.
1451 828 1612 878 Iidem
1636 846 1803 878 sumus
1830 829 1920 876 im-

227 913 554 976 peratoribus,
591 912 679 976 qui
715 917 766 962 et
801 913 977 962 vicinis
1013 913 1212 961 nostris.
1283 913 1416 961 Male
1452 913 1585 962 enim
1619 914 1756 972 velle,
1794 914 1920 963 male

227 996 398 1055 facere,
444 997 570 1045 male
613 996 789 1056 dicere,
832 997 957 1045 male
1000 996 1219 1059 cogitare
1258 996 1319 1045 de
1367 1013 1612 1059 quoquam
1660 1013 1722 1045 ex
1767 1013 1921 1060 aequo

162 1099 212 1127 10
227 1084 465 1128 vetamur.
541 1079 877 1143 Quodcunque
906 1097 1007 1127 non
1041 1079 1160 1128 licet
1188 1079 1241 1126 in
1278 1078 1639 1142 imperatorem,
1663 1078 1716 1126 id
1748 1096 1838 1128 nec
1866 1079 1920 1127 in

228 1179 553 1227 quemquam3
591 1163 725 1225 quod
743 1162 796 1210 in
815 1162 1073 1222 neminem,
1091 1179 1146 1211 eo
1164 1162 1369 1211 forsitan
1387 1162 1542 1225 magis
1561 1179 1649 1211 nec
1672 1161 1725 1209 in
1743 1161 1920 1226 ipsum,

229 1246 315 1310 qui
338 1263 427 1310 per
451 1246 613 1294 Deum
635 1250 806 1295 tantus
830 1251 959 1327 ests&

810 1412 1038 1463 CAPUT
1079 1412 1347 1461 XXXVII.

297 1540 356 1589 SI
399 1540 641 1599 inimicos,
680 1545 738 1589 ut
780 1557 930 1605 supra
973 1539 1204 1599 diximus,
1243 1539 1474 1603 jubemur
1513 1539 1732 1604 diligere,
1775 1556 1922 1603 quem

162 1624 462 1689 15habemus
499 1624 693 1693 odisse?
765 1624 909 1673 Item'
939 1624 980 1673 si
1016 1624 1136 1673 laesi
1170 1623 1329 1672 vicem
1364 1624 1550 1673 referre
1585 1624 1918 1688 prohibemur,

228 1724 317 1755 nec
343 1709 403 1757 de
427 1709 557 1756 facto
581 1725 724 1771 pares
749 1708 913 1767 simus,
942 1724 1089 1769 quem
1117 1724 1378 1771 possumus
1410 1707 1636 1756 laedere?
1706 1708 1837 1756 Nam
1861 1707 1922 1756 de

229 1791 324 1839 isto
354 1791 450 1856 ipsi
477 1791 822 1854 recognoscite.
894 1791 1133 1852 Quotiens
1166 1790 1296 1839 enim
1332 1790 1387 1838 in
1416 1790 1725 1840 Christianos
1755 1791 1921 1840 desae-

230 1923 362 1963 sition
379 1923 416 1963 is
435 1923 628 1963 likewise
647 1923 742 1963 able
761 1927 807 1963 to
831 1922 1049 1975 discharge
1075 1935 1182 1962 even
1207 1935 1323 1961 more
1351 1921 1585 1975 rigorously
1604 1935 1650 1962 as
1669 1935 1695 1962 a
1714 1922 1836 1962 cloak
1855 1922 1920 1962 for

229 1986 287 2025 its
307 1999 403 2025 own
420 1985 647 2038 purposes.’

290 2060 325 2087 1.
356 2050 590 2088 civilitas:
620 2048 724 2087 used
747 2047 848 2087 here
881 2048 928 2086 in
953 2047 1010 2086 its
1040 2046 1130 2086 late
1164 2045 1463 2099 signification,
1482 2045 1622 2087 which
1641 2059 1746 2099 very
1773 2046 1923 2099 nearly

230 2110 483 2162 approaches
503 2114 549 2150 to
569 2124 645 2149 our
665 2109 841 2149 modern
861 2108 1097 2149 derivative
1112 2120 1125 2157 ς
1159 2110 1170 2129 ‘
1184 2121 1211 2147 a
1233 2107 1386 2161 kindly
1409 2105 1684 2160 disposition‚'
1703 2108 1923 2161 springing

227 2172 339 2211 from
366 2172 442 2212 the
470 2172 703 2224 possession
732 2172 781 2210 of
805 2185 830 2210 a
863 2170 974 2210 bona
1003 2182 1130 2209 mens.
1188 2169 1278 2209 The
1305 2169 1424 2210 word
1450 2182 1592 2210 occurs
1617 2171 1662 2210 in
1691 2170 1778 2210 this
1804 2183 1924 2210 sense
1951 2220 1954 2225 ,

230 2234 401 2275 Sueton.
426 2234 509 2275 Oct.
534 2245 582 2286 51
602 2248 612 2283 3
641 2234 818 2286 Eutrop.
838 2234 913 2273 vii.
938 2244 1001 2273 21.
1060 2232 1300 2272 Tertullian
1318 2231 1468 2284 adopts
1489 2231 1525 2272 it
1543 2232 1645 2272 here
1666 2246 1712 2272 as
1731 2245 1788 2272 an
1806 2232 1921 2274 anti-

230 2298 363 2338 thesis
382 2301 427 2337 to
446 2297 681 2338 hostilitas.

290 2372 326 2402 2.
355 2363 501 2400 habet
523 2361 741 2400 exhiberi
758 2372 766 2398 :
798 2357 950 2398 habere
967 2358 1045 2397 has
1072 2357 1173 2397 here
1191 2358 1248 2398 its
1267 2358 1358 2397 late
1378 2371 1498 2398 sense
1517 2357 1564 2398 of
1579 2358 1729 2397 debere
1746 2371 1756 2399 :
1787 2372 1920 2411 comp.

232 2423 286 2462 de
313 2423 415 2464 cult.
433 2424 543 2475 fem.
566 2423 592 2461 i.
618 2434 652 2472 1,
677 2425 688 2443 ‘
704 2421 834 2461 etiam
863 2421 1002 2460 Filius
1031 2420 1114 2460 Dei
1142 2421 1251 2460 mori
1279 2419 1481 2469 habuit’3
1510 2421 1563 2460 de
1591 2421 1721 2461 anim.
1744 2431 1807 2473 35,
1836 2424 1922 2461 ‘ce-

230 2490 371 2525 terum
390 2486 547 2525 totiens
566 2484 751 2524 animam
775 2483 964 2522 revocari
983 2482 1138 2522 habere
1153 2482 1188 2531 ';
1218 2495 1264 2522 so
1285 2482 1395 2522 Plin.
1416 2482 1528 2535 Epp.
1549 2483 1576 2523 i.
1598 2483 1636 2531 8,
1657 2485 1667 2504 ‘
1684 2483 1923 2534 quum'eni-

230 2548 410 2588 tendum
427 2547 679 2587 haberemus
697 2547 732 2595 ';
764 2546 850 2586 and
871 2545 1067 2585 Lactant.
1085 2545 1356 2597 frequenter.
1414 2545 1655 2585 Elnewhere
1682 2544 1922 2584 Tertullian

232 2623 328 2650 uses
357 2609 510 2649 habere
539 2622 586 2649 as
607 2627 644 2641 =
661 2622 808 2661 possm
838 2608 905 2649 ch.
928 2619 993 2657 22,
1013 2609 1024 2629 ‘
1037 2607 1198 2647 habent
1216 2620 1363 2660 sapere
1378 2605 1414 2653 ';
1444 2607 1508 2647 ch.
1529 2616 1594 2660 37,
1620 2610 1767 2659 ‘quem
1795 2607 1921 2647 habe-

231 2686 327 2712 mus
348 2673 486 2712 odisse
501 2669 535 2713 2’

287 2729 326 2785 4.
357 2737 445 2774 sub
467 2734 747 2780 exceptione
776 2743 1098 2779 personarum,
1123 2733 1134 2752 ‘
1150 2730 1315 2784 subject
1344 2735 1389 2770 to
1418 2744 1502 2783 any
1523 2730 1742 2782 exception
1768 2730 1814 2769 of
1827 2743 1921 2782 per-

234 2795 355 2836 sons.'
411 2797 489 2835 All
508 2809 621 2846 men,
641 2795 885 2835 Tertullian
909 2798 1076 2843 asserts,
1097 2794 1314 2833 whatever
1334 2794 1446 2834 their
1474 2794 1638 2834 station
1667 2793 1713 2832 in
1739 2792 1825 2842 life,
1850 2805 1922 2832 are

234 2861 404 2913 equally
422 2859 497 2900 the
516 2859 675 2911 objects
696 2858 742 2898 of
757 2858 831 2898 the
851 2857 1105 2897 Christian’s
1126 2856 1360 2909 good-will.

294 2933 354 2960 11.
384 2924 513 2969 quod
534 2924 588 2960 in
608 2918 935 2968 neminem500
955 2922 1182 2960 forsitan:
1218 2924 1227 2940 ‘
1242 2919 1339 2960 that
1354 2917 1494 2959 which
1513 2931 1577 2958 we
1595 2929 1695 2969 may
1709 2920 1785 2956 not
1804 2915 1857 2955 do
1876 2920 1922 2955 to

233 2997 319 3036 any
338 2997 453 3034 man,
474 2984 565 3023 still
587 2984 669 3023 less
690 2983 739 3023 of
750 2996 895 3023 course
913 2996 1014 3035 may
1035 2996 1097 3022 we
1117 2982 1171 3021 do
1190 2986 1236 3022 to
1255 2981 1346 3021 him
1367 2980 1464 3021 who
1488 2980 1546 3032 by
1564 2977 1693 3019 God's
1712 2978 1801 3018 will
1819 2978 1856 3018 is
1877 2990 1922 3017 so

232 3051 354 3099 great
373 3060 398 3086 a
416 3045 544 3086 man.'

293 3117 356 3160 17.
388 3110 624 3154 Quotiens
645 3110 772 3147 enim
790 3109 844 3147 in
865 3109 1186 3148 Christianos:
1217 3120 1349 3159 comp.
1364 3106 1427 3146 ch.
1445 3118 1488 3157 4,
1507 3103 1592 3144 and
1610 3103 1684 3143 the
1704 3102 1924 3142 Introduc-

233 3171 337 3220 tion,
358 3184 463 3223 page
482 3170 567 3210 xvi.
624 3170 709 3209 For
737 3170 845 3209 local
874 3169 1160 3221 persecutione
1190 3169 1272 3209 due
1300 3172 1346 3209 to
1374 3167 1552 3220 popular
1579 3165 1834 3215 fanaticism‚
1856 3178 1925 3205 see

234 3233 385 3274 Euseb.
412 3232 474 3273 H.
494 3232 544 3273 Ε.
566 3233 625 3274 iii.
651 3244 727 3284 323
757 3246 795 3272 v.
823 3244 872 3282 13
902 3231 958 3272 vi.
984 3243 1051 3282 32.
