2124 3554
262 219 293 271 9
302 202 331 254 8
737 202 1072 257 Tertulliani
1107 203 1157 255 A
1153 201 1341 271 polege
1347 203 1482 256 tz'cus
1630 212 1749 265 [CA-P,
1770 215 1946 256 xxvss,

258 348 499 412 templum
543 347 700 407 donis,
741 353 791 396 et
833 353 1033 413 gentem
1077 347 1354 398 foederibus
1395 349 1699 413 aliquamdiu
1740 346 1949 398 Romani

260 432 550 492 honorastis,
587 450 858 496 numquam
894 433 1197 482 dominaturi
1235 434 1353 499 ejus,
1390 434 1431 482 si
1470 451 1569 483 non
1606 434 1784 484 ultimo
1825 434 1949 484 deli-

261 517 447 580 quisset
474 516 527 565 in
553 515 822 568 Christum.
851 543 914 609 »Γ

869 683 1097 733 CAPUT
1131 685 1343 734 XXVII.

219 809 242 849 5
332 788 480 839 SATIS
503 789 624 838 haec
647 789 881 838 adversus
917 788 1240 838 intentionem
1275 790 1433 838 laesae
1470 787 1720 854 religionis
1745 807 1798 838 ac
1822 787 1948 838 divi-

260 872 448 931 nitatis,
492 890 589 936 quo
631 889 730 920 non
769 871 1024 921 videamur
1062 872 1257 920 laedere
1295 889 1417 931 eam,
1461 890 1609 937 quam
1649 873 1949 921 ostendimus

260 974 359 1004 non
401 973 516 1005 esse.
588 955 770 1019 Igitur,
813 955 1069 1019 provocati
1111 955 1175 1004 ad
1223 954 1609 1015 sacrificandum,
1651 957 1950 1004 obstruimus

258 1039 467 1103 gradum
502 1056 592 1103 pro
628 1038 724 1086 fide
761 1038 1085 1087 conscientiae
1127 1042 1336 1096 nostrae,
1376 1055 1474 1102 qua
1511 1038 1630 1087 certi
1673 1057 1852 1099 sumus,
1889 1039 1953 1088 ad

259 1139 382 1186 quos
416 1122 512 1171 ista
544 1121 835 1186 perveniant
870 1122 1028 1170 officia
1064 1122 1155 1171 sub
1193 1120 1470 1184 imaginum
1511 1121 1866 1186 prostitutione
1901 1128 1953 1171 et

194 1222 245 1251 10
259 1205 585 1254 humanorum
608 1204 859 1253 nominum
888 1204 1261 1253 consecratione.
1318 1204 1415 1253 Sed
1433 1204 1634 1269 quidam
1656 1204 1954 1254 dementiam

259 1287 561 1348 existimant,
588 1289 720 1352 quod
745 1305 856 1336 cum
891 1287 1132 1351 possimus
1157 1293 1208 1336 et
1240 1287 1515 1336 sacrificare
1539 1288 1591 1336 in
1615 1288 1878 1353 praesenti,
1903 1294 1955 1338 et

260 1370 419 1419 illaesi
442 1370 578 1419 abire
602 1374 830 1419 manente
864 1361 999 1434 apud
1026 1369 1245 1417 animum
1280 1370 1546 1434 proposito,
1573 1370 1954 1420 obstinationem

259 1453 413 1504 saluti
466 1454 818 1517 praeferamus,
915 1453 1062 1502 Datis
1122 1452 1308 1501 scilicet
1356 1452 1625 1513 consilium,
1674 1470 1770 1517 quo
1815 1453 1954 1503 vobis

260 1537 525 1585 abutamur
539 1554 553 1597 ;
607 1537 691 1586 sed
739 1536 1064 1600 agnoscimus,
1106 1536 1236 1586 unde
1287 1536 1411 1584 talia
1457 1541 1801 1600 suggerantur,
1844 1538 1955 1601 quis

195 1634 243 1675 15
260 1625 424 1668 totum
459 1620 549 1668 hoc
583 1620 754 1683 agitet,
794 1625 844 1668 et
882 1619 1124 1683 quomodo
1161 1636 1290 1666 nunc
1329 1619 1516 1667 astutia
1554 1620 1789 1668 suadendi
1825 1637 1954 1668 nunc

322 1757 359 1786 1.
389 1748 622 1792 templum
643 1746 795 1785 donis.
855 1743 923 1799 By
942 1744 1137 1797 Agrippa
1157 1758 1167 1793 ;
1195 1745 1373 1796 Joseph.
1391 1746 1494 1784 Ant.
1514 1745 1615 1784 xvii.
1642 1757 1677 1785 2.

375 1812 566 1854 gentem
593 1809 880 1847 foederibus.
905 1857 907 1859 ι
942 1808 971 1847 J
977 1807 1116 1859 oseph.
1151 1809 1252 1847 Ant.
1279 1807 1363 1846 xiv.
1394 1806 1456 1856 16,
1483 1814 1545 1858 17.
1603 1807 1747 1859 Comp.
1773 1806 1846 1846 xii.
1879 1816 1955 1859 17;

263 1870 353 1910 xiii.
376 1870 416 1919 8,
441 1880 517 1917 123
546 1870 631 1909 xiv.
658 1880 723 1909 22.

325 1945 361 1972 2.
392 1934 434 1971 si
453 1945 551 1971 non
570 1934 755 1982 ultimo,
775 1934 851 1972 etc.
911 1931 1001 1970 The
1026 1929 1228 1982 majority
1246 1931 1292 1970 of
1311 1930 1387 1970 the
1411 1930 1536 1971 MSS.
1556 1931 1659 1971 read
1685 1932 1726 1971 si
1751 1931 1846 1971 Deo
1870 1943 1956 1970 non

265 1994 511 2046 deliquerit,
537 1993 690 2034 ultimo
710 1993 758 2033 in
784 1993 1014 2033 Christum.

325 2069 362 2109 5.
393 2059 726 2096 intentionem.
784 2057 828 2095 A
856 2056 1035 2096 forensic
1063 2060 1186 2104 term,
1219 2057 1230 2076 ‘
1245 2055 1321 2095 the
1348 2053 1529 2108 charge,'
1563 2070 1609 2096 or
1639 2058 1649 2077 ‘
1664 2053 1956 2104 accusation’;

267 2121 332 2161 ch.
358 2118 411 2171 46
438 2120 498 2159 ad
525 2122 639 2170 init„
663 2119 748 2159 and
776 2133 823 2161 so
851 2119 954 2159 used
983 2119 1041 2172 by
1059 2119 1207 2158 Cicero
1235 2119 1321 2158 and
1350 2118 1615 2167 Quintilian3
1643 2133 1759 2159 more
1786 2118 1956 2172 exactly

268 2182 355 2222 and
376 2182 633 2234 technically
657 2185 667 2202 ‘
681 2182 755 2222 the
782 2181 1008 2235 judgment
1037 2180 1084 2220 of
1106 2181 1181 2220 the
1199 2184 1320 2221 court
1340 2181 1545 2233 appealed
1573 2178 1768 2233 against‚‘
1790 2180 1954 2233 Digest.

272 2257 337 2287 10.
359 2258 399 2297 4.
455 2277 464 2286 .

326 2316 363 2360 7.
395 2257 687 2348 0190strujmus
715 2310 943 2355 gradum:
975 2308 985 2328 ‘
1000 2320 1064 2346 we
1091 2309 1205 2346 meet
1230 2306 1267 2345 it
1287 2305 1392 2345 with
1422 2303 1708 2358 opposition';
1737 2318 1870 2358 comp.
1889 2304 1956 2350 οό-

267 2372 396 2411 struit
425 2371 549 2419 viam,
583 2370 648 2410 ch.
673 2381 720 2418 1;
750 2369 825 2410 the
855 2369 1098 2422 expression
1125 2381 1266 2408 recurs
1295 2368 1349 2407 de
1377 2370 1480 2420 virq.
1513 2368 1592 2409 vel.
1626 2379 1690 2419 15,
1719 2368 1774 2408 de
1793 2380 1954 2420 praesc.

267 2435 382 2474 haer.
412 2445 429 2472 1
466 2464 474 2472 .

325 2498 363 2537 8.
393 2444 481 2543 1)Ξο
514 2498 622 2534 fide.
680 2494 752 2534 Al.
778 2495 1024 2547 perfidiam
1070 2493 1210 2533 which
1249 2493 1389 2532 would
1428 2507 1551 2533 mean
1587 2493 1696 2532 ‘lest
1733 2489 1956 2545 treachery

269 2559 422 2599 should
442 2558 557 2598 taint
577 2571 655 2596 our
674 2554 1101 2596 conscientiousness?

329 2632 392 2661 10.
426 2624 521 2660 Sed
549 2621 743 2667 quidam
773 2621 1074 2659 dementiam.
1131 2619 1208 2658 See
1228 2618 1293 2659 ch.
1320 2629 1337 2657 1
1363 2618 1424 2658 ad
1439 2619 1542 2670 fin„
1564 2617 1648 2658 and
1667 2620 1791 2665 note;
1820 2629 1950 2668 comp.

269 2683 425 2723 Euseb.
445 2683 502 2722 ἰν.
528 2693 602 2733 15;
634 2681 708 2722 vii.
735 2692 798 2721 11.
820 2674 823 2676 ’

330 2756 392 2783 12.
425 2745 807 2784 obstinationem.
866 2743 1008 2794 Oomp.
1032 2742 1107 2781 the
1127 2754 1302 2793 passage
1327 2741 1373 2780 of
1389 2740 1551 2793 Pliny’s
1571 2740 1719 2779 Letter
1736 2742 1782 2778 to
1799 2738 1956 2790 ijan

269 2807 428 2859 quoted
448 2808 495 2846 in
513 2807 590 2846 the
607 2806 692 2845 last
710 2809 812 2844 note
831 2818 886 2845 on
905 2805 971 2845 ch.
989 2816 1028 2853 1,
1049 2804 1135 2844 and
1154 2807 1253 2843 note
1275 2817 1330 2843 on
1347 2803 1653 2856 praesumptio,
1670 2801 1735 2842 ch.
1756 2812 1818 2841 10.
1866 2800 1956 2840 The

272 2869 424 2920 charge
442 2882 530 2907 was
556 2871 633 2908 not
659 2880 717 2907 an
745 2879 998 2906 uncommon
1018 2878 1122 2913 one3
1152 2878 1220 2904 see
1245 2866 1304 2905 ad
1325 2866 1430 2906 Nat.
1452 2866 1478 2906 i.
1505 2872 1566 2915 17,
1590 2865 1665 2911 18;
1693 2863 1887 2903 Lactant.
1911 2875 1950 2902 v,

275 2944 312 2976 2,
334 2944 385 2983 9,·
414 2931 500 2970 and
519 2931 667 2979 below,
688 2929 755 2970 ch.
778 2940 845 2982 50,
869 2932 879 2950 ‘
894 2928 1132 2981 desperatio
1151 2932 1195 2968 et
1215 2928 1396 2980 perditio
1409 2927 1418 2944 '
1435 2941 1446 2977 ;
1475 2927 1573 2976 and,
1594 2927 1697 2966 ‘illa
1715 2927 1807 2978 ipsa
1827 2925 1955 2966 obsti-

269 2994 392 3033 natio
428 3006 556 3044 quam
593 2989 878 3044 exprobratis’
895 3005 905 3041 ;
949 2991 1060 3033 Min.
1089 2990 1180 3031 Fel.
1211 2992 1262 3039 83
1306 2991 1421 3042 Orig.
1454 2992 1588 3030 contr.
1625 2988 1728 3029 Cels.
1759 2988 1849 3027 viii.
1886 2998 1951 3039 54

271 3055 785 3108 Comp.G1bb0n11227‚
810 3066 899 3106 243;

333 3129 395 3168 14.
427 3119 553 3156 unde
574 3118 692 3156 talia
712 3120 1054 3164 suggerantur:
1078 3093 1175 3155 ‘the
1191 3128 1336 3155 source
1352 3115 1398 3155 of
1410 3113 1513 3154 such
1527 3111 1814 3164 instigatione.
1817 3109 1828 3126 ’
1875 3111 1954 3151 See

272 3184 386 3226 note,
405 3179 468 3218 ch.
491 3180 553 3219 18.

332 3253 395 3294 15.
424 3253 553 3282 nunc
576 3243 753 3281 astutia
772 3243 1018 3282 suadendi.
1064 3240 1174 3281 Such
1190 3239 1455 3292 persuasione
1475 3251 1520 3278 as
1535 3250 1645 3280 were
1664 3235 1891 3277 addressed
1910 3239 1955 3276 to
