<?xml version="1.0" encoding="UTF-8"?>
<!DOCTYPE html PUBLIC "-//W3C//DTD XHTML 1.0 Transitional//EN"
    "http://www.w3.org/TR/xhtml1/DTD/xhtml1-transitional.dtd">
<html xmlns="http://www.w3.org/1999/xhtml" xml:lang="en" lang="en">
 <head>
  <title>
</title>
<meta http-equiv="Content-Type" content="text/html;charset=utf-8" />
  <meta name='ocr-system' content='tesseract 3.04.00' />
  <meta name='ocr-capabilities' content='ocr_page ocr_carea ocr_par ocr_line ocrx_word'/>
</head>
<body>
  <div class='ocr_page' id='page_1' title='image "apologeticusadve00tertuoft_0063.png"; bbox 0 0 2124 3554; ppageno 0'>
   <div class='ocr_carea' id='block_1_1' title="bbox 182 254 1842 323">
    <p class='ocr_par' dir='ltr' id='par_1_1' title="bbox 182 254 1842 323">
     <span class='ocr_line' id='line_1_1' title="bbox 182 254 1842 323; baseline 0.001 -15"><span class='ocrx_word' id='word_1_1' title='bbox 182 270 279 308; x_wconf 63' lang='lat' dir='ltr'><strong>Cu.</strong></span> <span class='ocrx_word' id='word_1_2' title='bbox 296 263 388 317; x_wconf 91' lang='lat' dir='ltr'><strong>V1.]</strong></span> <span class='ocrx_word' id='word_1_3' title='bbox 500 256 760 310; x_wconf 79' lang='lat' dir='ltr'><strong>adversus</strong></span> <span class='ocrx_word' id='word_1_4' title='bbox 801 255 994 309; x_wconf 85' lang='lat' dir='ltr'><em>Gentes</em></span> <span class='ocrx_word' id='word_1_5' title='bbox 1021 264 1123 323; x_wconf 78' lang='lat' dir='ltr'><strong>pro</strong></span> <span class='ocrx_word' id='word_1_6' title='bbox 1167 254 1513 309; x_wconf 75' lang='lat' dir='ltr'><strong>Christianis,</strong></span> <span class='ocrx_word' id='word_1_7' title='bbox 1775 267 1842 323; x_wconf 87' lang='lat'><strong>25</strong></span> 
     </span>
    </p>
   </div>
   <div class='ocr_carea' id='block_1_2' title="bbox 178 390 1914 1449">
    <p class='ocr_par' dir='ltr' id='par_1_2' title="bbox 178 390 1914 1449">
     <span class='ocr_line' id='line_1_2' title="bbox 180 390 1848 462; baseline 0 -15"><span class='ocrx_word' id='word_1_8' title='bbox 180 398 385 448; x_wconf 78' lang='lat' dir='ltr'><strong>felicitas</strong></span> <span class='ocrx_word' id='word_1_9' title='bbox 416 390 837 448; x_wconf 76' lang='lat' dir='ltr'><strong>matrimoniorum</strong></span> <span class='ocrx_word' id='word_1_10' title='bbox 871 398 930 447; x_wconf 89' lang='lat' dir='ltr'><strong>de</strong></span> <span class='ocrx_word' id='word_1_11' title='bbox 964 397 1180 446; x_wconf 88' lang='lat' dir='ltr'><strong>moribus</strong></span> <span class='ocrx_word' id='word_1_12' title='bbox 1215 398 1399 460; x_wconf 86' lang='lat' dir='ltr'><strong>utique</strong></span> <span class='ocrx_word' id='word_1_13' title='bbox 1422 400 1721 462; x_wconf 86' lang='lat' dir='ltr'><strong>prosperata,</strong></span> <span class='ocrx_word' id='word_1_14' title='bbox 1749 415 1848 461; x_wconf 88' lang='lat' dir='ltr'><strong>qua</strong></span> 
     </span>
     <span class='ocr_line' id='line_1_3' title="bbox 179 480 1848 545; baseline -0.001 -16"><span class='ocrx_word' id='word_1_15' title='bbox 179 496 267 545; x_wconf 90' lang='lat' dir='ltr'><strong>per</strong></span> <span class='ocrx_word' id='word_1_16' title='bbox 299 498 452 531; x_wconf 90' lang='lat' dir='ltr'><strong>annos</strong></span> <span class='ocrx_word' id='word_1_17' title='bbox 480 483 629 531; x_wconf 88' lang='lat' dir='ltr'><strong>ferme</strong></span> <span class='ocrx_word' id='word_1_18' title='bbox 665 484 916 531; x_wconf 88' lang='lat' dir='ltr'><strong>sexcentos</strong></span> <span class='ocrx_word' id='word_1_19' title='bbox 939 481 1000 529; x_wconf 89' lang='lat' dir='ltr'><strong>ab</strong></span> <span class='ocrx_word' id='word_1_20' title='bbox 1023 481 1160 530; x_wconf 87' lang='lat' dir='ltr'>Urbe</span> <span class='ocrx_word' id='word_1_21' title='bbox 1185 481 1382 529; x_wconf 87' lang='lat' dir='ltr'><strong>condita</strong></span> <span class='ocrx_word' id='word_1_22' title='bbox 1416 480 1553 529; x_wconf 91' lang='lat' dir='ltr'><strong>nulla</strong></span> <span class='ocrx_word' id='word_1_23' title='bbox 1588 481 1848 544; x_wconf 87' lang='lat' dir='ltr'><strong>repudium</strong></span> 
     </span>
     <span class='ocr_line' id='line_1_4' title="bbox 181 562 1849 628; baseline 0.001 -17"><span class='ocrx_word' id='word_1_24' title='bbox 181 563 350 612; x_wconf 90' lang='lat' dir='ltr'><strong>domus</strong></span> <span class='ocrx_word' id='word_1_25' title='bbox 385 563 613 628; x_wconf 68' lang='lat' dir='ltr'><strong>scripsit?</strong></span> <span class='ocrx_word' id='word_1_26' title='bbox 682 563 752 612; x_wconf 93' lang='lat' dir='ltr'><strong>At</strong></span> <span class='ocrx_word' id='word_1_27' title='bbox 775 580 902 627; x_wconf 89' lang='lat' dir='ltr'><strong>nunc</strong></span> <span class='ocrx_word' id='word_1_28' title='bbox 925 562 978 611; x_wconf 90' lang='lat' dir='ltr'><strong>in</strong></span> <span class='ocrx_word' id='word_1_29' title='bbox 1000 562 1195 611; x_wconf 87' lang='lat' dir='ltr'><strong>feminis</strong></span> <span class='ocrx_word' id='word_1_30' title='bbox 1217 579 1334 627; x_wconf 88' lang='lat' dir='ltr'><strong>prae</strong></span> <span class='ocrx_word' id='word_1_31' title='bbox 1365 580 1484 611; x_wconf 90' lang='lat' dir='ltr'><strong>auro</strong></span> <span class='ocrx_word' id='word_1_32' title='bbox 1520 563 1708 611; x_wconf 90' lang='lat' dir='ltr'><strong>nullum</strong></span> <span class='ocrx_word' id='word_1_33' title='bbox 1743 563 1849 612; x_wconf 90' lang='lat' dir='ltr'><strong>leve</strong></span> 
     </span>
     <span class='ocr_line' id='line_1_5' title="bbox 181 644 1847 709; baseline -0.001 -16"><span class='ocrx_word' id='word_1_34' title='bbox 181 649 254 694; x_wconf 89' lang='lat' dir='ltr'><strong>est</strong></span> <span class='ocrx_word' id='word_1_35' title='bbox 289 646 607 706; x_wconf 52' lang='lat' dir='ltr'><strong>membrum,</strong></span> <span class='ocrx_word' id='word_1_36' title='bbox 626 662 741 709; x_wconf 86' lang='lat' dir='ltr'><strong>prae</strong></span> <span class='ocrx_word' id='word_1_37' title='bbox 763 645 876 694; x_wconf 88' lang='lat' dir='ltr'><strong>vino</strong></span> <span class='ocrx_word' id='word_1_38' title='bbox 910 644 1101 692; x_wconf 92' lang='lat' dir='ltr'><strong>nullum</strong></span> <span class='ocrx_word' id='word_1_39' title='bbox 1135 644 1346 694; x_wconf 90' lang='lat' dir='ltr'><strong>liberum</strong></span> <span class='ocrx_word' id='word_1_40' title='bbox 1380 649 1456 693; x_wconf 90' lang='lat' dir='ltr'><strong>est</strong></span> <span class='ocrx_word' id='word_1_41' title='bbox 1484 645 1732 693; x_wconf 91' lang='lat' dir='ltr'><strong>osculum:</strong></span> <span class='ocrx_word' id='word_1_42' title='bbox 1772 662 1847 693; x_wconf 91' lang='lat' dir='ltr'><strong>re-</strong></span> 
     </span>
     <span class='ocr_line' id='line_1_6' title="bbox 179 726 1884 791; baseline 0 -16"><span class='ocrx_word' id='word_1_43' title='bbox 179 726 383 791; x_wconf 89' lang='lat' dir='ltr'><strong>pudium</strong></span> <span class='ocrx_word' id='word_1_44' title='bbox 406 744 519 776; x_wconf 90' lang='lat' dir='ltr'><strong>vero</strong></span> <span class='ocrx_word' id='word_1_45' title='bbox 538 730 641 791; x_wconf 81' lang='lat' dir='ltr'><strong>jam</strong></span> <span class='ocrx_word' id='word_1_46' title='bbox 665 732 715 776; x_wconf 89' lang='lat' dir='ltr'><strong>et</strong></span> <span class='ocrx_word' id='word_1_47' title='bbox 741 732 911 776; x_wconf 90' lang='lat' dir='ltr'><strong>votum</strong></span> <span class='ocrx_word' id='word_1_48' title='bbox 935 731 1022 786; x_wconf 91' lang='lat' dir='ltr'><strong>est,</strong></span> <span class='ocrx_word' id='word_1_49' title='bbox 1048 726 1186 791; x_wconf 86' lang='lat' dir='ltr'><strong>quasi</strong></span> <span class='ocrx_word' id='word_1_50' title='bbox 1209 726 1511 776; x_wconf 77' lang='lat' dir='ltr'><strong>matrimonii</strong></span> <span class='ocrx_word' id='word_1_51' title='bbox 1534 727 1737 776; x_wconf 90' lang='lat' dir='ltr'><strong>fructus.</strong></span> <span class='ocrx_word' id='word_1_52' title='bbox 1862 749 1884 789; x_wconf 87' lang='lat'>5</span> 
     </span>
     <span class='ocr_line' id='line_1_7' title="bbox 191 809 1848 874; baseline -0.001 -16"><span class='ocrx_word' id='word_1_53' title='bbox 191 846 193 849; x_wconf 65' lang='lat'><strong>.</strong></span> <span class='ocrx_word' id='word_1_54' title='bbox 247 809 416 858; x_wconf 86' lang='lat' dir='ltr'><strong>Etiam</strong></span> <span class='ocrx_word' id='word_1_55' title='bbox 441 810 571 858; x_wconf 88' lang='lat' dir='ltr'><strong>circa</strong></span> <span class='ocrx_word' id='word_1_56' title='bbox 601 809 733 874; x_wconf 91' lang='lat' dir='ltr'><strong>ipsos</strong></span> <span class='ocrx_word' id='word_1_57' title='bbox 758 810 871 858; x_wconf 87' lang='lat' dir='ltr'><strong>deos</strong></span> <span class='ocrx_word' id='word_1_58' title='bbox 893 813 1079 858; x_wconf 90' lang='lat' dir='ltr'><strong>vestros</strong></span> <span class='ocrx_word' id='word_1_59' title='bbox 1104 826 1226 872; x_wconf 87' lang='lat' dir='ltr'><strong>quae</strong></span> <span class='ocrx_word' id='word_1_60' title='bbox 1259 813 1511 873; x_wconf 78' lang='lat' dir='ltr'><strong>prospecte</strong></span> <span class='ocrx_word' id='word_1_61' title='bbox 1534 809 1848 858; x_wconf 85' lang='lat' dir='ltr'><strong>decreverant</strong></span> 
     </span>
     <span class='ocr_line' id='line_1_8' title="bbox 178 891 1847 955; baseline -0.001 -15"><span class='ocrx_word' id='word_1_62' title='bbox 178 895 342 955; x_wconf 88' lang='lat' dir='ltr'><strong>patres</strong></span> <span class='ocrx_word' id='word_1_63' title='bbox 365 892 529 952; x_wconf 88' lang='lat' dir='ltr'><strong>vestri,</strong></span> <span class='ocrx_word' id='word_1_64' title='bbox 555 892 704 940; x_wconf 91' lang='lat' dir='ltr'><strong>iidem</strong></span> <span class='ocrx_word' id='word_1_65' title='bbox 727 909 812 940; x_wconf 92' lang='lat' dir='ltr'><strong>vos</strong></span> <span class='ocrx_word' id='word_1_66' title='bbox 835 891 1254 955; x_wconf 82' lang='lat' dir='ltr'><strong>obsequentissimi</strong></span> <span class='ocrx_word' id='word_1_67' title='bbox 1277 891 1556 941; x_wconf 85' lang='lat' dir='ltr'><strong>rescidistis.</strong></span> <span class='ocrx_word' id='word_1_68' title='bbox 1613 891 1847 941; x_wconf 90' lang='lat' dir='ltr'><strong>Liberum</strong></span> 
     </span>
     <span class='ocr_line' id='line_1_9' title="bbox 178 971 1848 1037; baseline 0.001 -16"><span class='ocrx_word' id='word_1_69' title='bbox 178 979 367 1037; x_wconf 86' lang='lat' dir='ltr'><strong>patrem</strong></span> <span class='ocrx_word' id='word_1_70' title='bbox 391 991 503 1022; x_wconf 91' lang='lat' dir='ltr'><strong>cum</strong></span> <span class='ocrx_word' id='word_1_71' title='bbox 531 974 775 1037; x_wconf 82' lang='lat' dir='ltr'><strong>mysteriis</strong></span> <span class='ocrx_word' id='word_1_72' title='bbox 803 973 904 1022; x_wconf 89' lang='lat' dir='ltr'><strong>suis</strong></span> <span class='ocrx_word' id='word_1_73' title='bbox 935 973 1152 1022; x_wconf 90' lang='lat' dir='ltr'><strong>consules</strong></span> <span class='ocrx_word' id='word_1_74' title='bbox 1187 971 1393 1023; x_wconf 43' lang='lat' dir='ltr'><strong>senatus*</strong></span> <span class='ocrx_word' id='word_1_75' title='bbox 1417 973 1712 1023; x_wconf 86' lang='lat' dir='ltr'><strong>auctoritate</strong></span> <span class='ocrx_word' id='word_1_76' title='bbox 1748 991 1848 1022; x_wconf 89' lang='lat' dir='ltr'><strong>non</strong></span> 
     </span>
     <span class='ocr_line' id='line_1_10' title="bbox 180 1050 1849 1119; baseline 0.001 -15"><span class='ocrx_word' id='word_1_77' title='bbox 180 1050 323 1104; x_wconf 85' lang='lat' dir='ltr'><strong>modo</strong></span> <span class='ocrx_word' id='word_1_78' title='bbox 358 1056 508 1116; x_wconf 87' lang='lat' dir='ltr'><strong>Urbe,</strong></span> <span class='ocrx_word' id='word_1_79' title='bbox 534 1056 618 1105; x_wconf 88' lang='lat' dir='ltr'><strong>sed</strong></span> <span class='ocrx_word' id='word_1_80' title='bbox 641 1055 870 1105; x_wconf 85' lang='lat' dir='ltr'><strong>universa</strong></span> <span class='ocrx_word' id='word_1_81' title='bbox 893 1055 1041 1106; x_wconf 86' lang='lat' dir='ltr'><strong>Italia</strong></span> <span class='ocrx_word' id='word_1_82' title='bbox 1059 1055 1445 1105; x_wconf 85' lang='lat' dir='ltr'><strong>eliminaverant.</strong></span> <span class='ocrx_word' id='word_1_83' title='bbox 1500 1054 1780 1119; x_wconf 79' lang='lat' dir='ltr'><strong>Serapidem</strong></span> <span class='ocrx_word' id='word_1_84' title='bbox 1798 1062 1849 1105; x_wconf 89' lang='lat' dir='ltr'><strong>et</strong></span> 
     </span>
     <span class='ocr_line' id='line_1_11' title="bbox 180 1137 1914 1202; baseline 0.001 -16"><span class='ocrx_word' id='word_1_85' title='bbox 180 1138 362 1186; x_wconf 87' lang='lat' dir='ltr'><strong>Isidem</strong></span> <span class='ocrx_word' id='word_1_86' title='bbox 407 1142 457 1187; x_wconf 90' lang='lat' dir='ltr'><strong>et</strong></span> <span class='ocrx_word' id='word_1_87' title='bbox 504 1139 857 1202; x_wconf 83' lang='lat' dir='ltr'><strong>Harpocratem</strong></span> <span class='ocrx_word' id='word_1_88' title='bbox 902 1155 1012 1186; x_wconf 91' lang='lat' dir='ltr'><strong>cum</strong></span> <span class='ocrx_word' id='word_1_89' title='bbox 1065 1155 1151 1187; x_wconf 90' lang='lat' dir='ltr'><strong>suo</strong></span> <span class='ocrx_word' id='word_1_90' title='bbox 1200 1137 1552 1202; x_wconf 85' lang='lat' dir='ltr'><strong>Cynocephalo,</strong></span> <span class='ocrx_word' id='word_1_91' title='bbox 1603 1138 1847 1202; x_wconf 84' lang='lat' dir='ltr'><strong>Capitolio</strong></span> <span class='ocrx_word' id='word_1_92' title='bbox 1865 1159 1914 1187; x_wconf 94' lang='lat'><strong>10</strong></span> 
     </span>
     <span class='ocr_line' id='line_1_12' title="bbox 180 1217 1847 1287; baseline 0.002 -20"><span class='ocrx_word' id='word_1_93' title='bbox 180 1220 451 1283; x_wconf 91' lang='lat' dir='ltr'><strong>prohibitos</strong></span> <span class='ocrx_word' id='word_1_94' title='bbox 502 1217 733 1287; x_wconf 87' lang='lat' dir='ltr'><strong>[inferri],</strong></span> <span class='ocrx_word' id='word_1_95' title='bbox 777 1220 830 1268; x_wconf 91' lang='lat' dir='ltr'><strong>id</strong></span> <span class='ocrx_word' id='word_1_96' title='bbox 877 1224 953 1269; x_wconf 90' lang='lat' dir='ltr'><strong>est</strong></span> <span class='ocrx_word' id='word_1_97' title='bbox 999 1219 1136 1269; x_wconf 89' lang='lat' dir='ltr'><strong>curia</strong></span> <span class='ocrx_word' id='word_1_98' title='bbox 1182 1221 1381 1268; x_wconf 90' lang='lat' dir='ltr'><strong>deorum</strong></span> <span class='ocrx_word' id='word_1_99' title='bbox 1422 1221 1602 1283; x_wconf 89' lang='lat' dir='ltr'><strong>pulsos,</strong></span> <span class='ocrx_word' id='word_1_100' title='bbox 1645 1219 1756 1270; x_wconf 88' lang='lat' dir='ltr'><strong>Piso</strong></span> <span class='ocrx_word' id='word_1_101' title='bbox 1797 1226 1847 1270; x_wconf 91' lang='lat' dir='ltr'><strong>et</strong></span> 
     </span>
     <span class='ocr_line' id='line_1_13' title="bbox 181 1302 1847 1365; baseline 0 -14"><span class='ocrx_word' id='word_1_102' title='bbox 181 1302 418 1351; x_wconf 82' lang='lat' dir='ltr'><strong>Gabinius</strong></span> <span class='ocrx_word' id='word_1_103' title='bbox 442 1302 673 1362; x_wconf 89' lang='lat' dir='ltr'><strong>consules,</strong></span> <span class='ocrx_word' id='word_1_104' title='bbox 692 1311 795 1351; x_wconf 84' lang='lat' dir='ltr'><strong>&#39;non</strong></span> <span class='ocrx_word' id='word_1_105' title='bbox 827 1302 1000 1365; x_wconf 89' lang='lat' dir='ltr'><strong>utique</strong></span> <span class='ocrx_word' id='word_1_106' title='bbox 1036 1302 1320 1361; x_wconf 87' lang='lat' dir='ltr'><strong>Christiani,</strong></span> <span class='ocrx_word' id='word_1_107' title='bbox 1350 1302 1530 1351; x_wconf 89' lang='lat' dir='ltr'><strong>eversis</strong></span> <span class='ocrx_word' id='word_1_108' title='bbox 1565 1302 1714 1351; x_wconf 88' lang='lat' dir='ltr'><strong>etiam</strong></span> <span class='ocrx_word' id='word_1_109' title='bbox 1749 1304 1847 1351; x_wconf 87' lang='lat' dir='ltr'><strong>aris</strong></span> 
     </span>
     <span class='ocr_line' id='line_1_14' title="bbox 179 1384 1847 1449; baseline 0 -16"><span class='ocrx_word' id='word_1_110' title='bbox 179 1402 349 1434; x_wconf 88' lang='lat' dir='ltr'><strong>eorum</strong></span> <span class='ocrx_word' id='word_1_111' title='bbox 387 1386 747 1444; x_wconf 81' lang='lat' dir='ltr'><strong>abdicaverant,</strong></span> <span class='ocrx_word' id='word_1_112' title='bbox 787 1386 1010 1448; x_wconf 87' lang='lat' dir='ltr'><strong>turpium</strong></span> <span class='ocrx_word' id='word_1_113' title='bbox 1049 1389 1100 1433; x_wconf 91' lang='lat' dir='ltr'><strong>et</strong></span> <span class='ocrx_word' id='word_1_114' title='bbox 1141 1385 1407 1433; x_wconf 87' lang='lat' dir='ltr'><strong>otiosarum</strong></span> <span class='ocrx_word' id='word_1_115' title='bbox 1445 1384 1847 1449; x_wconf 85' lang='lat' dir='ltr'><strong>superstitionum</strong></span> 
     </span>
    </p>
   </div>
   <div class='ocr_carea' id='block_1_3' title="bbox 178 1542 1907 3322">
    <p class='ocr_par' dir='ltr' id='par_1_3' title="bbox 178 1542 1846 1770">
     <span class='ocr_line' id='line_1_15' title="bbox 238 1542 1846 1594; baseline 0.001 -12"><span class='ocrx_word' id='word_1_116' title='bbox 238 1555 272 1584; x_wconf 88' lang='lat'><strong>2.</strong></span> <span class='ocrx_word' id='word_1_117' title='bbox 303 1555 388 1591; x_wconf 78' lang='lat' dir='ltr'><strong>per</strong></span> <span class='ocrx_word' id='word_1_118' title='bbox 420 1556 568 1584; x_wconf 82' lang='lat' dir='ltr'><strong>annos</strong></span> <span class='ocrx_word' id='word_1_119' title='bbox 597 1545 742 1584; x_wconf 87' lang='lat' dir='ltr'><strong>ferme</strong></span> <span class='ocrx_word' id='word_1_120' title='bbox 776 1547 1018 1584; x_wconf 84' lang='lat' dir='ltr'><strong>sexcentos</strong></span> <span class='ocrx_word' id='word_1_121' title='bbox 1051 1554 1177 1585; x_wconf 78' lang='lat' dir='ltr'><strong>A.U.c.</strong></span> <span class='ocrx_word' id='word_1_122' title='bbox 1252 1543 1349 1584; x_wconf 86' lang='lat' dir='ltr'><strong>Val.</strong></span> <span class='ocrx_word' id='word_1_123' title='bbox 1380 1542 1497 1582; x_wconf 89' lang='lat' dir='ltr'><strong>Max.</strong></span> <span class='ocrx_word' id='word_1_124' title='bbox 1526 1542 1570 1583; x_wconf 90' lang='lat' dir='ltr'><strong>ii.</strong></span> <span class='ocrx_word' id='word_1_125' title='bbox 1605 1554 1641 1582; x_wconf 92' lang='lat'><strong>1.</strong></span> <span class='ocrx_word' id='word_1_126' title='bbox 1669 1554 1709 1594; x_wconf 91' lang='lat'><strong>4,</strong></span> <span class='ocrx_word' id='word_1_127' title='bbox 1742 1544 1846 1584; x_wconf 84' lang='lat' dir='ltr'><strong>‘Re-</strong></span> 
     </span>
     <span class='ocr_line' id='line_1_16' title="bbox 180 1604 1846 1657; baseline -0.001 -12"><span class='ocrx_word' id='word_1_128' title='bbox 180 1606 356 1657; x_wconf 90' lang='lat' dir='ltr'><strong>pudium</strong></span> <span class='ocrx_word' id='word_1_129' title='bbox 378 1625 397 1646; x_wconf 28' lang='grc' dir='ltr'><strong>,Δ</strong></span> <span class='ocrx_word' id='word_1_130' title='bbox 410 1637 420 1647; x_wconf 94' lang='grc'><strong>.</strong></span> <span class='ocrx_word' id='word_1_131' title='bbox 442 1636 452 1646; x_wconf 93' lang='grc'><strong>.</strong></span> <span class='ocrx_word' id='word_1_132' title='bbox 474 1619 499 1645; x_wconf 86' lang='lat' dir='ltr'><strong>a</strong></span> <span class='ocrx_word' id='word_1_133' title='bbox 527 1605 695 1645; x_wconf 87' lang='lat' dir='ltr'><strong>condita</strong></span> <span class='ocrx_word' id='word_1_134' title='bbox 720 1604 839 1645; x_wconf 87' lang='lat' dir='ltr'><strong>Urbe</strong></span> <span class='ocrx_word' id='word_1_135' title='bbox 867 1619 1000 1657; x_wconf 86' lang='lat' dir='ltr'><strong>usque</strong></span> <span class='ocrx_word' id='word_1_136' title='bbox 1027 1605 1083 1645; x_wconf 87' lang='lat' dir='ltr'><strong>ad</strong></span> <span class='ocrx_word' id='word_1_137' title='bbox 1111 1604 1361 1657; x_wconf 84' lang='lat' dir='ltr'><strong>vigesimum</strong></span> <span class='ocrx_word' id='word_1_138' title='bbox 1390 1609 1434 1644; x_wconf 89' lang='lat' dir='ltr'><strong>et</strong></span> <span class='ocrx_word' id='word_1_139' title='bbox 1462 1605 1846 1657; x_wconf 85' lang='lat' dir='ltr'><strong>quingentesimum</strong></span> 
     </span>
     <span class='ocr_line' id='line_1_17' title="bbox 179 1667 1846 1719; baseline 0.001 -13"><span class='ocrx_word' id='word_1_140' title='bbox 179 1680 337 1707; x_wconf 87' lang='lat' dir='ltr'><strong>annum</strong></span> <span class='ocrx_word' id='word_1_141' title='bbox 356 1667 522 1707; x_wconf 91' lang='lat' dir='ltr'><strong>nullum</strong></span> <span class='ocrx_word' id='word_1_142' title='bbox 539 1667 785 1707; x_wconf 86' lang='lat' dir='ltr'><strong>intercessit.</strong></span> <span class='ocrx_word' id='word_1_143' title='bbox 843 1667 1012 1707; x_wconf 85' lang='lat' dir='ltr'><strong>Primus</strong></span> <span class='ocrx_word' id='word_1_144' title='bbox 1035 1671 1178 1708; x_wconf 89' lang='lat' dir='ltr'><strong>autem</strong></span> <span class='ocrx_word' id='word_1_145' title='bbox 1203 1667 1273 1719; x_wconf 92' lang='lat' dir='ltr'><strong>Sp.</strong></span> <span class='ocrx_word' id='word_1_146' title='bbox 1297 1667 1508 1707; x_wconf 85' lang='lat' dir='ltr'><strong>Carvilius</strong></span> <span class='ocrx_word' id='word_1_147' title='bbox 1534 1680 1706 1707; x_wconf 85' lang='lat' dir='ltr'><strong>uxorem</strong></span> <span class='ocrx_word' id='word_1_148' title='bbox 1725 1667 1846 1707; x_wconf 86' lang='lat' dir='ltr'><strong>steri-</strong></span> 
     </span>
     <span class='ocr_line' id='line_1_18' title="bbox 178 1727 685 1770; baseline -0.004 0"><span class='ocrx_word' id='word_1_149' title='bbox 178 1728 314 1770; x_wconf 81' lang='lat' dir='ltr'><strong>litatis</strong></span> <span class='ocrx_word' id='word_1_150' title='bbox 333 1742 478 1768; x_wconf 84' lang='lat' dir='ltr'><strong>caussa</strong></span> <span class='ocrx_word' id='word_1_151' title='bbox 498 1727 685 1768; x_wconf 67' lang='lat' dir='ltr'><strong>dimisit!</strong></span> 
     </span>
    </p>

    <p class='ocr_par' dir='ltr' id='par_1_4' title="bbox 178 1789 1907 2140">
     <span class='ocr_line' id='line_1_19' title="bbox 234 1789 1851 1843; baseline -0.001 -12"><span class='ocrx_word' id='word_1_152' title='bbox 234 1802 275 1843; x_wconf 88' lang='lat'><strong>4.</strong></span> <span class='ocrx_word' id='word_1_153' title='bbox 306 1792 558 1838; x_wconf 81' lang='lat' dir='ltr'><strong>repudium</strong></span> <span class='ocrx_word' id='word_1_154' title='bbox 577 1803 690 1830; x_wconf 85' lang='lat' dir='ltr'><strong>vero</strong></span> <span class='ocrx_word' id='word_1_155' title='bbox 706 1792 804 1837; x_wconf 78' lang='lat' dir='ltr'><strong>jam</strong></span> <span class='ocrx_word' id='word_1_156' title='bbox 823 1794 990 1831; x_wconf 85' lang='lat' dir='ltr'><strong>votum</strong></span> <span class='ocrx_word' id='word_1_157' title='bbox 1009 1794 1105 1830; x_wconf 85' lang='lat' dir='ltr'><strong>est:</strong></span> <span class='ocrx_word' id='word_1_158' title='bbox 1137 1791 1149 1811; x_wconf 93' lang='lat'>‘</span> <span class='ocrx_word' id='word_1_159' title='bbox 1163 1789 1332 1830; x_wconf 88' lang='lat' dir='ltr'><strong>divorce</strong></span> <span class='ocrx_word' id='word_1_160' title='bbox 1354 1790 1391 1829; x_wconf 91' lang='lat' dir='ltr'><strong>is</strong></span> <span class='ocrx_word' id='word_1_161' title='bbox 1416 1803 1512 1830; x_wconf 89' lang='lat' dir='ltr'><strong>now</strong></span> <span class='ocrx_word' id='word_1_162' title='bbox 1530 1789 1604 1830; x_wconf 86' lang='lat' dir='ltr'><strong>the</strong></span> <span class='ocrx_word' id='word_1_163' title='bbox 1623 1790 1785 1843; x_wconf 85' lang='lat' dir='ltr'><strong>subject</strong></span> <span class='ocrx_word' id='word_1_164' title='bbox 1805 1791 1851 1830; x_wconf 85' lang='lat' dir='ltr'><strong>of</strong></span> 
     </span>
     <span class='ocr_line' id='line_1_20' title="bbox 178 1850 1844 1905; baseline 0 -13"><span class='ocrx_word' id='word_1_165' title='bbox 178 1865 342 1905; x_wconf 81' lang='lat' dir='ltr'><strong>prayer,</strong></span> <span class='ocrx_word' id='word_1_166' title='bbox 363 1866 408 1892; x_wconf 87' lang='lat' dir='ltr'><strong>as</strong></span> <span class='ocrx_word' id='word_1_167' title='bbox 429 1852 467 1892; x_wconf 89' lang='lat' dir='ltr'><strong>if</strong></span> <span class='ocrx_word' id='word_1_168' title='bbox 480 1852 517 1892; x_wconf 91' lang='lat' dir='ltr'><strong>it</strong></span> <span class='ocrx_word' id='word_1_169' title='bbox 538 1851 644 1905; x_wconf 89' lang='lat' dir='ltr'><strong>(and</strong></span> <span class='ocrx_word' id='word_1_170' title='bbox 661 1857 737 1892; x_wconf 90' lang='lat' dir='ltr'><strong>not</strong></span> <span class='ocrx_word' id='word_1_171' title='bbox 755 1853 963 1903; x_wconf 80' lang='lat' dir='ltr'><strong>children)</strong></span> <span class='ocrx_word' id='word_1_172' title='bbox 985 1865 1097 1893; x_wconf 90' lang='lat' dir='ltr'><strong>were</strong></span> <span class='ocrx_word' id='word_1_173' title='bbox 1125 1851 1198 1891; x_wconf 89' lang='lat' dir='ltr'><strong>the</strong></span> <span class='ocrx_word' id='word_1_174' title='bbox 1223 1852 1395 1891; x_wconf 89' lang='lat' dir='ltr'><strong>natural</strong></span> <span class='ocrx_word' id='word_1_175' title='bbox 1419 1851 1526 1891; x_wconf 89' lang='lat' dir='ltr'><strong>fruit</strong></span> <span class='ocrx_word' id='word_1_176' title='bbox 1545 1852 1590 1891; x_wconf 86' lang='lat' dir='ltr'><strong>of</strong></span> <span class='ocrx_word' id='word_1_177' title='bbox 1607 1850 1844 1904; x_wconf 87' lang='lat' dir='ltr'><strong>marriage.’</strong></span> 
     </span>
     <span class='ocr_line' id='line_1_21' title="bbox 179 1912 1845 1965; baseline 0 -11"><span class='ocrx_word' id='word_1_178' title='bbox 179 1913 256 1954; x_wconf 89' lang='lat' dir='ltr'><strong>See</strong></span> <span class='ocrx_word' id='word_1_179' title='bbox 275 1912 597 1954; x_wconf 87' lang='lat' dir='ltr'><strong>Wordsworth’s</strong></span> <span class='ocrx_word' id='word_1_180' title='bbox 622 1914 788 1954; x_wconf 54' lang='lat' dir='ltr'><strong>Olim-eh</strong></span> <span class='ocrx_word' id='word_1_181' title='bbox 807 1914 926 1955; x_wconf 75' lang='lat' dir='ltr'><strong>Hist.</strong></span> <span class='ocrx_word' id='word_1_182' title='bbox 947 1914 976 1954; x_wconf 91' lang='lat' dir='ltr'><strong>i.</strong></span> <span class='ocrx_word' id='word_1_183' title='bbox 998 1914 1088 1965; x_wconf 85' lang='lat'><strong>328,</strong></span> <span class='ocrx_word' id='word_1_184' title='bbox 1116 1916 1128 1934; x_wconf 88' lang='lat'><em>‘</em></span> <span class='ocrx_word' id='word_1_185' title='bbox 1141 1914 1230 1953; x_wconf 89' lang='lat' dir='ltr'><strong>The</strong></span> <span class='ocrx_word' id='word_1_186' title='bbox 1257 1917 1367 1953; x_wconf 86' lang='lat' dir='ltr'><strong>most</strong></span> <span class='ocrx_word' id='word_1_187' title='bbox 1393 1913 1632 1953; x_wconf 83' lang='lat' dir='ltr'><strong>celebrated</strong></span> <span class='ocrx_word' id='word_1_188' title='bbox 1658 1914 1845 1954; x_wconf 85' lang='lat' dir='ltr'><strong>Romans</strong></span> 
     </span>
     <span class='ocr_line' id='line_1_22' title="bbox 179 1972 1842 2030; baseline -0.001 -14"><span class='ocrx_word' id='word_1_189' title='bbox 179 1979 256 2027; x_wconf 90' lang='lat' dir='ltr'><strong>put</strong></span> <span class='ocrx_word' id='word_1_190' title='bbox 275 1989 395 2030; x_wconf 86' lang='lat' dir='ltr'><strong>away</strong></span> <span class='ocrx_word' id='word_1_191' title='bbox 413 1976 525 2016; x_wconf 86' lang='lat' dir='ltr'><strong>their</strong></span> <span class='ocrx_word' id='word_1_192' title='bbox 543 1976 672 2017; x_wconf 87' lang='lat' dir='ltr'><strong>wives</strong></span> <span class='ocrx_word' id='word_1_193' title='bbox 684 1976 749 2016; x_wconf 89' lang='lat' dir='ltr'><strong>for</strong></span> <span class='ocrx_word' id='word_1_194' title='bbox 758 1976 959 2016; x_wconf 86' lang='lat' dir='ltr'><strong>frivolous</strong></span> <span class='ocrx_word' id='word_1_195' title='bbox 979 1988 1124 2016; x_wconf 82' lang='lat' dir='ltr'><strong>causes</strong></span> <span class='ocrx_word' id='word_1_196' title='bbox 1136 1972 1172 2024; x_wconf 90' lang='lat'><strong>&#39;;</strong></span> <span class='ocrx_word' id='word_1_197' title='bbox 1201 1978 1277 2016; x_wconf 73' lang='lat' dir='ltr'><strong>etc.</strong></span> <span class='ocrx_word' id='word_1_198' title='bbox 1337 1975 1479 2027; x_wconf 84' lang='lat' dir='ltr'><strong>Comp.</strong></span> <span class='ocrx_word' id='word_1_199' title='bbox 1497 1975 1603 2015; x_wconf 90' lang='lat' dir='ltr'><strong>Hor.</strong></span> <span class='ocrx_word' id='word_1_200' title='bbox 1629 1976 1768 2015; x_wconf 76' lang='lat' dir='ltr'><strong>Ooerm.</strong></span> <span class='ocrx_word' id='word_1_201' title='bbox 1784 1975 1842 2015; x_wconf 90' lang='lat' dir='ltr'><strong>iii.</strong></span> 
     </span>
     <span class='ocr_line' id='line_1_23' title="bbox 180 2036 1907 2090; baseline 0 -14"><span class='ocrx_word' id='word_1_202' title='bbox 180 2036 219 2078; x_wconf 93' lang='lat'><strong>6.</strong></span> <span class='ocrx_word' id='word_1_203' title='bbox 244 2046 293 2090; x_wconf 86' lang='lat'><strong>17</strong></span> <span class='ocrx_word' id='word_1_204' title='bbox 316 2036 386 2088; x_wconf 83' lang='lat' dir='ltr'><strong>ff.;</strong></span> <span class='ocrx_word' id='word_1_205' title='bbox 414 2039 444 2078; x_wconf 89' lang='lat' dir='ltr'><strong>J</strong></span> <span class='ocrx_word' id='word_1_206' title='bbox 449 2051 573 2078; x_wconf 91' lang='lat' dir='ltr'><strong>uven.</strong></span> <span class='ocrx_word' id='word_1_207' title='bbox 597 2039 691 2079; x_wconf 76' lang='lat' dir='ltr'><strong>Sat.</strong></span> <span class='ocrx_word' id='word_1_208' title='bbox 711 2038 770 2080; x_wconf 87' lang='lat' dir='ltr'><strong>vi.</strong></span> <span class='ocrx_word' id='word_1_209' title='bbox 794 2050 845 2079; x_wconf 90' lang='lat'><strong>20</strong></span> <span class='ocrx_word' id='word_1_210' title='bbox 858 2051 870 2087; x_wconf 91' lang='lat'>;</span> <span class='ocrx_word' id='word_1_211' title='bbox 900 2038 1079 2078; x_wconf 84' lang='lat' dir='ltr'><strong>Martial</strong></span> <span class='ocrx_word' id='word_1_212' title='bbox 1097 2038 1247 2090; x_wconf 75' lang='lat' dir='ltr'><strong>Epiqr.</strong></span> <span class='ocrx_word' id='word_1_213' title='bbox 1268 2037 1324 2078; x_wconf 86' lang='lat' dir='ltr'><strong>vi.</strong></span> <span class='ocrx_word' id='word_1_214' title='bbox 1350 2045 1399 2089; x_wconf 77' lang='lat'><strong>73</strong></span> <span class='ocrx_word' id='word_1_215' title='bbox 1432 2037 1590 2077; x_wconf 87' lang='lat' dir='ltr'><strong>Seneca</strong></span> <span class='ocrx_word' id='word_1_216' title='bbox 1607 2038 1659 2077; x_wconf 82' lang='lat' dir='ltr'><strong>de</strong></span> <span class='ocrx_word' id='word_1_217' title='bbox 1677 2037 1845 2090; x_wconf 66' lang='lat' dir='ltr'><strong>benefic.</strong></span> <span class='ocrx_word' id='word_1_218' title='bbox 1903 2080 1907 2089; x_wconf 79' lang='lat'><strong>.</strong></span> 
     </span>
     <span class='ocr_line' id='line_1_24' title="bbox 178 2098 328 2140; baseline 0.007 -2"><span class='ocrx_word' id='word_1_219' title='bbox 178 2099 236 2140; x_wconf 91' lang='lat' dir='ltr'><strong>iii.</strong></span> <span class='ocrx_word' id='word_1_220' title='bbox 265 2098 328 2139; x_wconf 93' lang='lat'><strong>16.</strong></span> 
     </span>
    </p>

    <p class='ocr_par' dir='ltr' id='par_1_5' title="bbox 180 2159 1843 2263">
     <span class='ocr_line' id='line_1_25' title="bbox 238 2159 1843 2214; baseline -0.002 -12"><span class='ocrx_word' id='word_1_221' title='bbox 238 2170 274 2213; x_wconf 85' lang='lat'><strong>7.</strong></span> <span class='ocrx_word' id='word_1_222' title='bbox 306 2163 532 2201; x_wconf 82' lang='lat' dir='ltr'><strong>Liberum</strong></span> <span class='ocrx_word' id='word_1_223' title='bbox 554 2165 749 2209; x_wconf 86' lang='lat' dir='ltr'><strong>patrem.</strong></span> <span class='ocrx_word' id='word_1_224' title='bbox 805 2161 948 2214; x_wconf 85' lang='lat' dir='ltr'><strong>Comp.</strong></span> <span class='ocrx_word' id='word_1_225' title='bbox 968 2161 1082 2213; x_wconf 84' lang='lat' dir='ltr'><strong>Livy</strong></span> <span class='ocrx_word' id='word_1_226' title='bbox 1098 2160 1238 2200; x_wconf 82' lang='lat' dir='ltr'><strong>xxxix.</strong></span> <span class='ocrx_word' id='word_1_227' title='bbox 1260 2161 1311 2209; x_wconf 86' lang='lat'><strong>8;</strong></span> <span class='ocrx_word' id='word_1_228' title='bbox 1341 2160 1439 2200; x_wconf 90' lang='lat' dir='ltr'><strong>Val.</strong></span> <span class='ocrx_word' id='word_1_229' title='bbox 1462 2159 1580 2200; x_wconf 74' lang='lat' dir='ltr'><strong>MaX.</strong></span> <span class='ocrx_word' id='word_1_230' title='bbox 1598 2159 1625 2201; x_wconf 88' lang='lat' dir='ltr'><strong>i.</strong></span> <span class='ocrx_word' id='word_1_231' title='bbox 1650 2171 1699 2211; x_wconf 82' lang='lat'><strong>33</strong></span> <span class='ocrx_word' id='word_1_232' title='bbox 1727 2161 1843 2200; x_wconf 87' lang='lat' dir='ltr'><strong>Tert.</strong></span> 
     </span>
     <span class='ocr_line' id='line_1_26' title="bbox 180 2220 492 2263; baseline 0 -1"><span class='ocrx_word' id='word_1_233' title='bbox 180 2223 237 2262; x_wconf 83' lang='lat' dir='ltr'><strong>ad</strong></span> <span class='ocrx_word' id='word_1_234' title='bbox 254 2220 356 2263; x_wconf 73' lang='lat' dir='ltr'><strong>Nizt.</strong></span> <span class='ocrx_word' id='word_1_235' title='bbox 377 2223 406 2262; x_wconf 90' lang='lat' dir='ltr'><strong>i.</strong></span> <span class='ocrx_word' id='word_1_236' title='bbox 431 2235 492 2262; x_wconf 91' lang='lat'><strong>10.</strong></span> 
     </span>
    </p>

    <p class='ocr_par' dir='ltr' id='par_1_6' title="bbox 185 2282 1843 2460">
     <span class='ocr_line' id='line_1_27' title="bbox 236 2282 1843 2335; baseline -0.001 -12"><span class='ocrx_word' id='word_1_237' title='bbox 236 2295 275 2335; x_wconf 91' lang='lat'><strong>9.</strong></span> <span class='ocrx_word' id='word_1_238' title='bbox 305 2286 682 2326; x_wconf 79' lang='lat' dir='ltr'><strong>eliminaverant.</strong></span> <span class='ocrx_word' id='word_1_239' title='bbox 739 2283 783 2322; x_wconf 90' lang='lat' dir='ltr'>A</span> <span class='ocrx_word' id='word_1_240' title='bbox 801 2283 917 2324; x_wconf 90' lang='lat' dir='ltr'><strong>word</strong></span> <span class='ocrx_word' id='word_1_241' title='bbox 935 2282 1126 2323; x_wconf 88' lang='lat' dir='ltr'><strong>confined</strong></span> <span class='ocrx_word' id='word_1_242' title='bbox 1143 2287 1189 2323; x_wconf 89' lang='lat' dir='ltr'><strong>to</strong></span> <span class='ocrx_word' id='word_1_243' title='bbox 1209 2282 1326 2334; x_wconf 87' lang='lat' dir='ltr'><strong>early</strong></span> <span class='ocrx_word' id='word_1_244' title='bbox 1344 2282 1429 2322; x_wconf 87' lang='lat' dir='ltr'><strong>and</strong></span> <span class='ocrx_word' id='word_1_245' title='bbox 1445 2282 1534 2322; x_wconf 88' lang='lat' dir='ltr'><strong>late</strong></span> <span class='ocrx_word' id='word_1_246' title='bbox 1553 2282 1748 2322; x_wconf 85' lang='lat' dir='ltr'><strong>authors:</strong></span> <span class='ocrx_word' id='word_1_247' title='bbox 1777 2283 1843 2322; x_wconf 91' lang='lat' dir='ltr'><strong>lit.</strong></span> 
     </span>
     <span class='ocr_line' id='line_1_28' title="bbox 185 2342 1842 2396; baseline -0.001 -11"><span class='ocrx_word' id='word_1_248' title='bbox 185 2347 252 2385; x_wconf 92' lang='lat' dir='ltr'><strong>‘to</strong></span> <span class='ocrx_word' id='word_1_249' title='bbox 278 2348 380 2384; x_wconf 88' lang='lat' dir='ltr'><strong>turn</strong></span> <span class='ocrx_word' id='word_1_250' title='bbox 408 2350 482 2385; x_wconf 89' lang='lat' dir='ltr'><strong>out</strong></span> <span class='ocrx_word' id='word_1_251' title='bbox 511 2346 556 2385; x_wconf 88' lang='lat' dir='ltr'><strong>of</strong></span> <span class='ocrx_word' id='word_1_252' title='bbox 580 2343 750 2393; x_wconf 82' lang='lat' dir='ltr'><strong>doors&#39;3</strong></span> <span class='ocrx_word' id='word_1_253' title='bbox 777 2345 892 2395; x_wconf 89' lang='lat' dir='ltr'><strong>here,</strong></span> <span class='ocrx_word' id='word_1_254' title='bbox 913 2347 982 2385; x_wconf 88' lang='lat' dir='ltr'><strong>‘to</strong></span> <span class='ocrx_word' id='word_1_255' title='bbox 1000 2342 1178 2394; x_wconf 86' lang='lat' dir='ltr'><strong>banish,&#39;</strong></span> <span class='ocrx_word' id='word_1_256' title='bbox 1198 2357 1243 2383; x_wconf 91' lang='lat' dir='ltr'><strong>as</strong></span> <span class='ocrx_word' id='word_1_257' title='bbox 1271 2345 1317 2383; x_wconf 92' lang='lat' dir='ltr'><strong>in</strong></span> <span class='ocrx_word' id='word_1_258' title='bbox 1343 2344 1485 2384; x_wconf 87' lang='lat' dir='ltr'><strong>Sidon.</strong></span> <span class='ocrx_word' id='word_1_259' title='bbox 1505 2344 1631 2396; x_wconf 90' lang='lat' dir='ltr'><strong>Apol.</strong></span> <span class='ocrx_word' id='word_1_260' title='bbox 1651 2345 1761 2396; x_wconf 76' lang='lat' dir='ltr'><strong>Epp.</strong></span> <span class='ocrx_word' id='word_1_261' title='bbox 1786 2345 1842 2384; x_wconf 90' lang='lat' dir='ltr'><strong>iv.</strong></span> 
     </span>
     <span class='ocr_line' id='line_1_29' title="bbox 185 2407 1045 2460; baseline -0.003 -11"><span class='ocrx_word' id='word_1_262' title='bbox 185 2421 259 2449; x_wconf 87' lang='lat'><strong>10:</strong></span> <span class='ocrx_word' id='word_1_263' title='bbox 288 2421 420 2460; x_wconf 85' lang='lat' dir='ltr'><strong>comp.</strong></span> <span class='ocrx_word' id='word_1_264' title='bbox 441 2407 616 2455; x_wconf 77' lang='lat' dir='ltr'><strong>Quintil.</strong></span> <span class='ocrx_word' id='word_1_265' title='bbox 638 2408 749 2446; x_wconf 67' lang='lat' dir='ltr'><strong>Ins-t.</strong></span> <span class='ocrx_word' id='word_1_266' title='bbox 771 2409 876 2447; x_wconf 76' lang='lat' dir='ltr'><strong>orat.</strong></span> <span class='ocrx_word' id='word_1_267' title='bbox 898 2407 959 2446; x_wconf 92' lang='lat' dir='ltr'><strong>iii.</strong></span> <span class='ocrx_word' id='word_1_268' title='bbox 980 2417 1045 2456; x_wconf 81' lang='lat'><strong>31.</strong></span> 
     </span>
    </p>

    <p class='ocr_par' dir='ltr' id='par_1_7' title="bbox 178 2465 1845 3076">
     <span class='ocr_line' id='line_1_30' title="bbox 296 2465 1844 2521; baseline -0.001 -12"><span class='ocrx_word' id='word_1_269' title='bbox 296 2471 571 2516; x_wconf 82' lang='lat' dir='ltr'><strong>Serapidem</strong></span> <span class='ocrx_word' id='word_1_270' title='bbox 591 2473 639 2508; x_wconf 91' lang='lat' dir='ltr'><strong>et</strong></span> <span class='ocrx_word' id='word_1_271' title='bbox 659 2470 851 2508; x_wconf 87' lang='lat' dir='ltr'><strong>Isidem.</strong></span> <span class='ocrx_word' id='word_1_272' title='bbox 921 2467 1012 2507; x_wconf 82' lang='grc' dir='ltr'><strong>Τ110</strong></span> <span class='ocrx_word' id='word_1_273' title='bbox 1040 2467 1224 2519; x_wconf 88' lang='lat' dir='ltr'><strong>worship</strong></span> <span class='ocrx_word' id='word_1_274' title='bbox 1244 2465 1416 2520; x_wconf 89' lang='lat' dir='ltr'><strong>(chiefly</strong></span> <span class='ocrx_word' id='word_1_275' title='bbox 1434 2466 1631 2521; x_wconf 74' lang='lat' dir='ltr'><strong>popular&gt;</strong></span> <span class='ocrx_word' id='word_1_276' title='bbox 1657 2467 1703 2507; x_wconf 85' lang='lat' dir='ltr'><strong>of</strong></span> <span class='ocrx_word' id='word_1_277' title='bbox 1724 2468 1844 2508; x_wconf 89' lang='lat' dir='ltr'><strong>these</strong></span> 
     </span>
     <span class='ocr_line' id='line_1_31' title="bbox 182 2529 1841 2582; baseline -0.001 -11"><span class='ocrx_word' id='word_1_278' title='bbox 182 2531 332 2571; x_wconf 88' lang='lat' dir='ltr'><strong>deities</strong></span> <span class='ocrx_word' id='word_1_279' title='bbox 358 2544 445 2571; x_wconf 87' lang='lat' dir='ltr'><strong>was</strong></span> <span class='ocrx_word' id='word_1_280' title='bbox 474 2530 698 2570; x_wconf 88' lang='lat' dir='ltr'><strong>forbidden</strong></span> <span class='ocrx_word' id='word_1_281' title='bbox 725 2531 782 2582; x_wconf 91' lang='lat' dir='ltr'><strong>by</strong></span> <span class='ocrx_word' id='word_1_282' title='bbox 802 2530 1023 2582; x_wconf 87' lang='lat' dir='ltr'><strong>Augustus</strong></span> <span class='ocrx_word' id='word_1_283' title='bbox 1052 2529 1204 2569; x_wconf 90' lang='lat' dir='ltr'><strong>within</strong></span> <span class='ocrx_word' id='word_1_284' title='bbox 1231 2529 1306 2569; x_wconf 89' lang='lat' dir='ltr'><strong>the</strong></span> <span class='ocrx_word' id='word_1_285' title='bbox 1333 2530 1539 2581; x_wconf 87' lang='lat' dir='ltr'><strong>precincts</strong></span> <span class='ocrx_word' id='word_1_286' title='bbox 1569 2529 1615 2569; x_wconf 87' lang='lat' dir='ltr'><strong>of</strong></span> <span class='ocrx_word' id='word_1_287' title='bbox 1638 2529 1713 2569; x_wconf 88' lang='lat' dir='ltr'><strong>the</strong></span> <span class='ocrx_word' id='word_1_288' title='bbox 1739 2530 1841 2581; x_wconf 86' lang='lat' dir='ltr'><strong>city,</strong></span> 
     </span>
     <span class='ocr_line' id='line_1_32' title="bbox 183 2588 1844 2643; baseline -0.002 -10"><span class='ocrx_word' id='word_1_289' title='bbox 183 2593 295 2633; x_wconf 92' lang='lat' dir='ltr'><strong>Dion</strong></span> <span class='ocrx_word' id='word_1_290' title='bbox 314 2593 428 2632; x_wconf 85' lang='lat' dir='ltr'><strong>Cass.</strong></span> <span class='ocrx_word' id='word_1_291' title='bbox 455 2593 513 2632; x_wconf 84' lang='lat' dir='ltr'><strong>xl.</strong></span> <span class='ocrx_word' id='word_1_292' title='bbox 539 2600 592 2643; x_wconf 88' lang='lat'><strong>47</strong></span> <span class='ocrx_word' id='word_1_293' title='bbox 612 2605 623 2640; x_wconf 91' lang='lat'>;</span> <span class='ocrx_word' id='word_1_294' title='bbox 650 2592 771 2632; x_wconf 85' lang='lat' dir='ltr'><strong>xlvii.</strong></span> <span class='ocrx_word' id='word_1_295' title='bbox 796 2602 843 2643; x_wconf 87' lang='lat'><strong>15</strong></span> <span class='ocrx_word' id='word_1_296' title='bbox 863 2605 872 2639; x_wconf 93' lang='grc'><strong>;</strong></span> <span class='ocrx_word' id='word_1_297' title='bbox 902 2591 948 2631; x_wconf 98' lang='grc'><strong>11.</strong></span> <span class='ocrx_word' id='word_1_298' title='bbox 972 2589 1049 2639; x_wconf 88' lang='grc'><strong>16;</strong></span> <span class='ocrx_word' id='word_1_299' title='bbox 1077 2591 1155 2630; x_wconf 87' lang='grc'><strong>1111.</strong></span> <span class='ocrx_word' id='word_1_300' title='bbox 1178 2602 1197 2629; x_wconf 82' lang='grc'><strong>2</strong></span> <span class='ocrx_word' id='word_1_301' title='bbox 1218 2603 1229 2639; x_wconf 87' lang='grc'><strong>;</strong></span> <span class='ocrx_word' id='word_1_302' title='bbox 1257 2591 1332 2630; x_wconf 86' lang='lat' dir='ltr'><strong>liv.</strong></span> <span class='ocrx_word' id='word_1_303' title='bbox 1355 2588 1380 2629; x_wconf 93' lang='lat'><strong>6</strong></span> <span class='ocrx_word' id='word_1_304' title='bbox 1394 2603 1405 2638; x_wconf 81' lang='lat'><em>3</em></span> <span class='ocrx_word' id='word_1_305' title='bbox 1436 2604 1567 2642; x_wconf 91' lang='lat' dir='ltr'><strong>comp.</strong></span> <span class='ocrx_word' id='word_1_306' title='bbox 1589 2590 1662 2630; x_wconf 90' lang='lat' dir='ltr'><strong>the</strong></span> <span class='ocrx_word' id='word_1_307' title='bbox 1682 2590 1844 2630; x_wconf 87' lang='lat' dir='ltr'><strong>similar</strong></span> 
     </span>
     <span class='ocr_line' id='line_1_33' title="bbox 181 2651 1844 2704; baseline -0.002 -9"><span class='ocrx_word' id='word_1_308' title='bbox 181 2655 320 2695; x_wconf 83' lang='lat' dir='ltr'><strong>action</strong></span> <span class='ocrx_word' id='word_1_309' title='bbox 341 2654 387 2694; x_wconf 85' lang='lat' dir='ltr'><strong>of</strong></span> <span class='ocrx_word' id='word_1_310' title='bbox 399 2654 606 2704; x_wconf 89' lang='lat' dir='ltr'><strong>Tiberius,</strong></span> <span class='ocrx_word' id='word_1_311' title='bbox 627 2653 798 2694; x_wconf 81' lang='lat' dir='ltr'><strong>Sueten.</strong></span> <span class='ocrx_word' id='word_1_312' title='bbox 821 2653 911 2694; x_wconf 71' lang='lat' dir='ltr'><strong>Tib.</strong></span> <span class='ocrx_word' id='word_1_313' title='bbox 935 2651 1010 2703; x_wconf 83' lang='lat'><strong>363</strong></span> <span class='ocrx_word' id='word_1_314' title='bbox 1038 2653 1171 2692; x_wconf 87' lang='lat' dir='ltr'><strong>Tacit.</strong></span> <span class='ocrx_word' id='word_1_315' title='bbox 1195 2652 1313 2692; x_wconf 69' lang='lat' dir='ltr'><strong>Anu.</strong></span> <span class='ocrx_word' id='word_1_316' title='bbox 1334 2651 1379 2691; x_wconf 88' lang='grc'><strong>11.</strong></span> <span class='ocrx_word' id='word_1_317' title='bbox 1401 2652 1450 2703; x_wconf 88' lang='lat'><strong>85</strong></span> <span class='ocrx_word' id='word_1_318' title='bbox 1468 2664 1479 2700; x_wconf 92' lang='lat'>;</span> <span class='ocrx_word' id='word_1_319' title='bbox 1508 2652 1593 2691; x_wconf 89' lang='lat' dir='ltr'><strong>and</strong></span> <span class='ocrx_word' id='word_1_320' title='bbox 1611 2652 1684 2692; x_wconf 92' lang='lat' dir='ltr'><strong>the</strong></span> <span class='ocrx_word' id='word_1_321' title='bbox 1700 2653 1844 2692; x_wconf 90' lang='lat' dir='ltr'><strong>decree</strong></span> 
     </span>
     <span class='ocr_line' id='line_1_34' title="bbox 180 2712 1843 2767; baseline -0.002 -11"><span class='ocrx_word' id='word_1_322' title='bbox 180 2717 228 2757; x_wconf 92' lang='lat' dir='ltr'><strong>of</strong></span> <span class='ocrx_word' id='word_1_323' title='bbox 241 2717 315 2756; x_wconf 88' lang='lat' dir='ltr'><strong>the</strong></span> <span class='ocrx_word' id='word_1_324' title='bbox 334 2720 479 2756; x_wconf 87' lang='lat' dir='ltr'><strong>senate</strong></span> <span class='ocrx_word' id='word_1_325' title='bbox 498 2716 545 2755; x_wconf 93' lang='lat' dir='ltr'><strong>in</strong></span> <span class='ocrx_word' id='word_1_326' title='bbox 567 2712 783 2755; x_wconf 85' lang='lat' dir='ltr'><strong>Claudius’</strong></span> <span class='ocrx_word' id='word_1_327' title='bbox 804 2715 937 2767; x_wconf 86' lang='lat' dir='ltr'><strong>reign,</strong></span> <span class='ocrx_word' id='word_1_328' title='bbox 967 2714 1100 2754; x_wconf 88' lang='lat' dir='ltr'><strong>Tacit.</strong></span> <span class='ocrx_word' id='word_1_329' title='bbox 1118 2716 1232 2755; x_wconf 79' lang='lat' dir='ltr'><strong>Ann.</strong></span> <span class='ocrx_word' id='word_1_330' title='bbox 1254 2714 1311 2754; x_wconf 86' lang='lat' dir='ltr'><strong>xi.</strong></span> <span class='ocrx_word' id='word_1_331' title='bbox 1338 2724 1399 2765; x_wconf 85' lang='lat'><strong>15.</strong></span> <span class='ocrx_word' id='word_1_332' title='bbox 1456 2713 1547 2753; x_wconf 89' lang='lat' dir='ltr'><strong>Yet</strong></span> <span class='ocrx_word' id='word_1_333' title='bbox 1571 2715 1630 2766; x_wconf 92' lang='lat' dir='ltr'><strong>by</strong></span> <span class='ocrx_word' id='word_1_334' title='bbox 1657 2714 1731 2754; x_wconf 89' lang='lat' dir='ltr'><strong>the</strong></span> <span class='ocrx_word' id='word_1_335' title='bbox 1760 2715 1843 2754; x_wconf 89' lang='lat' dir='ltr'><strong>end</strong></span> 
     </span>
     <span class='ocr_line' id='line_1_35' title="bbox 182 2776 1843 2830; baseline -0.002 -11"><span class='ocrx_word' id='word_1_336' title='bbox 182 2778 227 2819; x_wconf 88' lang='lat' dir='ltr'><strong>of</strong></span> <span class='ocrx_word' id='word_1_337' title='bbox 249 2778 324 2818; x_wconf 87' lang='lat' dir='ltr'><strong>the</strong></span> <span class='ocrx_word' id='word_1_338' title='bbox 353 2778 504 2818; x_wconf 90' lang='lat' dir='ltr'><strong>second</strong></span> <span class='ocrx_word' id='word_1_339' title='bbox 536 2780 714 2830; x_wconf 83' lang='lat' dir='ltr'><strong>century</strong></span> <span class='ocrx_word' id='word_1_340' title='bbox 740 2776 859 2816; x_wconf 85' lang='lat' dir='ltr'><strong>these</strong></span> <span class='ocrx_word' id='word_1_341' title='bbox 890 2776 1052 2827; x_wconf 87' lang='lat' dir='ltr'><strong>foreign</strong></span> <span class='ocrx_word' id='word_1_342' title='bbox 1084 2776 1193 2815; x_wconf 84' lang='lat' dir='ltr'><strong>cults</strong></span> <span class='ocrx_word' id='word_1_343' title='bbox 1221 2789 1331 2815; x_wconf 89' lang='lat' dir='ltr'><strong>were</strong></span> <span class='ocrx_word' id='word_1_344' title='bbox 1362 2776 1584 2825; x_wconf 89' lang='lat' dir='ltr'><strong>admitted,</strong></span> <span class='ocrx_word' id='word_1_345' title='bbox 1620 2776 1706 2815; x_wconf 89' lang='lat' dir='ltr'><strong>and</strong></span> <span class='ocrx_word' id='word_1_346' title='bbox 1736 2789 1843 2815; x_wconf 91' lang='lat' dir='ltr'><strong>even</strong></span> 
     </span>
     <span class='ocr_line' id='line_1_36' title="bbox 182 2837 1845 2893; baseline -0.002 -12"><span class='ocrx_word' id='word_1_347' title='bbox 182 2840 365 2893; x_wconf 88' lang='lat' dir='ltr'><strong>adopted</strong></span> <span class='ocrx_word' id='word_1_348' title='bbox 394 2840 451 2893; x_wconf 87' lang='lat' dir='ltr'><strong>by</strong></span> <span class='ocrx_word' id='word_1_349' title='bbox 479 2839 554 2879; x_wconf 90' lang='lat' dir='ltr'><strong>the</strong></span> <span class='ocrx_word' id='word_1_350' title='bbox 584 2852 822 2890; x_wconf 87' lang='lat' dir='ltr'><strong>emperors;</strong></span> <span class='ocrx_word' id='word_1_351' title='bbox 851 2838 947 2878; x_wconf 89' lang='lat' dir='ltr'><strong>Ael.</strong></span> <span class='ocrx_word' id='word_1_352' title='bbox 975 2838 1188 2890; x_wconf 84' lang='lat' dir='ltr'><strong>Lamprid.</strong></span> <span class='ocrx_word' id='word_1_353' title='bbox 1221 2838 1428 2878; x_wconf 81' lang='lat' dir='ltr'><strong>Commod.</strong></span> <span class='ocrx_word' id='word_1_354' title='bbox 1458 2850 1500 2889; x_wconf 93' lang='lat'><strong>9,</strong></span> <span class='ocrx_word' id='word_1_355' title='bbox 1531 2839 1542 2859; x_wconf 92' lang='lat'>‘</span> <span class='ocrx_word' id='word_1_356' title='bbox 1559 2837 1686 2877; x_wconf 86' lang='lat' dir='ltr'><strong>Sacra</strong></span> <span class='ocrx_word' id='word_1_357' title='bbox 1717 2838 1845 2877; x_wconf 89' lang='lat' dir='ltr'><strong>Isidis</strong></span> 
     </span>
     <span class='ocr_line' id='line_1_37' title="bbox 178 2897 1841 2953; baseline -0.001 -12"><span class='ocrx_word' id='word_1_358' title='bbox 178 2902 312 2941; x_wconf 88' lang='lat' dir='ltr'><strong>coluit</strong></span> <span class='ocrx_word' id='word_1_359' title='bbox 330 2906 379 2942; x_wconf 87' lang='lat' dir='ltr'><strong>ut</strong></span> <span class='ocrx_word' id='word_1_360' title='bbox 399 2906 442 2941; x_wconf 91' lang='lat' dir='ltr'><strong>et</strong></span> <span class='ocrx_word' id='word_1_361' title='bbox 459 2905 587 2953; x_wconf 86' lang='lat' dir='ltr'><strong>caput</strong></span> <span class='ocrx_word' id='word_1_362' title='bbox 604 2901 772 2940; x_wconf 89' lang='lat' dir='ltr'><strong>raderet</strong></span> <span class='ocrx_word' id='word_1_363' title='bbox 791 2904 833 2940; x_wconf 88' lang='lat' dir='ltr'><strong>et</strong></span> <span class='ocrx_word' id='word_1_364' title='bbox 851 2900 1030 2939; x_wconf 91' lang='lat' dir='ltr'><strong>Anubin</strong></span> <span class='ocrx_word' id='word_1_365' title='bbox 1046 2897 1261 2952; x_wconf 88' lang='lat' dir='ltr'><strong>portaret.’</strong></span> <span class='ocrx_word' id='word_1_366' title='bbox 1319 2900 1527 2952; x_wconf 84' lang='lat' dir='ltr'><strong>Spartian.</strong></span> <span class='ocrx_word' id='word_1_367' title='bbox 1543 2899 1780 2940; x_wconf 77' lang='lat' dir='ltr'><strong>Caracalla</strong></span> <span class='ocrx_word' id='word_1_368' title='bbox 1801 2913 1841 2952; x_wconf 90' lang='lat'><strong>9,</strong></span> 
     </span>
     <span class='ocr_line' id='line_1_38' title="bbox 181 2960 1842 3014; baseline -0.001 -12"><span class='ocrx_word' id='word_1_369' title='bbox 181 2966 192 2984; x_wconf 95' lang='lat'>‘</span> <span class='ocrx_word' id='word_1_370' title='bbox 208 2963 335 3003; x_wconf 87' lang='lat' dir='ltr'><strong>Sacra</strong></span> <span class='ocrx_word' id='word_1_371' title='bbox 363 2963 490 3002; x_wconf 84' lang='lat' dir='ltr'><strong>Isidis</strong></span> <span class='ocrx_word' id='word_1_372' title='bbox 518 2963 700 3003; x_wconf 86' lang='lat' dir='ltr'><strong>Romam</strong></span> <span class='ocrx_word' id='word_1_373' title='bbox 727 2962 968 3014; x_wconf 88' lang='lat' dir='ltr'><strong>deportavit</strong></span> <span class='ocrx_word' id='word_1_374' title='bbox 1002 2965 1045 3001; x_wconf 90' lang='lat' dir='ltr'><strong>et</strong></span> <span class='ocrx_word' id='word_1_375' title='bbox 1078 2961 1238 3013; x_wconf 84' lang='lat' dir='ltr'><strong>templa</strong></span> <span class='ocrx_word' id='word_1_376' title='bbox 1268 2961 1424 3014; x_wconf 92' lang='lat' dir='ltr'><strong>ubique</strong></span> <span class='ocrx_word' id='word_1_377' title='bbox 1454 2960 1676 3013; x_wconf 86' lang='lat' dir='ltr'><strong>magnifice</strong></span> <span class='ocrx_word' id='word_1_378' title='bbox 1706 2960 1842 3000; x_wconf 89' lang='lat' dir='ltr'><strong>eidem</strong></span> 
     </span>
     <span class='ocr_line' id='line_1_39' title="bbox 180 3020 1772 3076; baseline -0.002 -11"><span class='ocrx_word' id='word_1_379' title='bbox 180 3026 282 3065; x_wconf 85' lang='lat' dir='ltr'><strong>deae</strong></span> <span class='ocrx_word' id='word_1_380' title='bbox 300 3023 429 3075; x_wconf 83' lang='lat' dir='ltr'><strong>fecit,&#39;</strong></span> <span class='ocrx_word' id='word_1_381' title='bbox 450 3029 526 3066; x_wconf 77' lang='lat' dir='ltr'><strong>etc.</strong></span> <span class='ocrx_word' id='word_1_382' title='bbox 583 3025 724 3076; x_wconf 87' lang='lat' dir='ltr'><strong>Comp.</strong></span> <span class='ocrx_word' id='word_1_383' title='bbox 748 3024 896 3074; x_wconf 88' lang='lat' dir='ltr'><strong>below,</strong></span> <span class='ocrx_word' id='word_1_384' title='bbox 915 3023 981 3063; x_wconf 88' lang='lat' dir='ltr'><strong>ch.</strong></span> <span class='ocrx_word' id='word_1_385' title='bbox 1005 3034 1070 3075; x_wconf 85' lang='lat'><strong>24,</strong></span> <span class='ocrx_word' id='word_1_386' title='bbox 1092 3023 1341 3075; x_wconf 84' lang='lat' dir='ltr'><strong>‘Aegyptiis</strong></span> <span class='ocrx_word' id='word_1_387' title='bbox 1359 3023 1560 3075; x_wconf 86' lang='lat' dir='ltr'><strong>permissa</strong></span> <span class='ocrx_word' id='word_1_388' title='bbox 1578 3020 1667 3073; x_wconf 86' lang='lat' dir='ltr'><strong>est‚’</strong></span> <span class='ocrx_word' id='word_1_389' title='bbox 1692 3026 1772 3063; x_wconf 76' lang='lat' dir='ltr'><strong>etc.</strong></span> 
     </span>
    </p>

    <p class='ocr_par' dir='ltr' id='par_1_8' title="bbox 238 3085 1403 3138">
     <span class='ocr_line' id='line_1_40' title="bbox 238 3085 1403 3138; baseline -0.002 -13"><span class='ocrx_word' id='word_1_390' title='bbox 238 3098 301 3126; x_wconf 91' lang='lat'><strong>10.</strong></span> <span class='ocrx_word' id='word_1_391' title='bbox 330 3089 682 3133; x_wconf 81' lang='lat' dir='ltr'><strong>Harpocratem.</strong></span> <span class='ocrx_word' id='word_1_392' title='bbox 737 3087 826 3126; x_wconf 88' lang='lat' dir='ltr'><strong>The</strong></span> <span class='ocrx_word' id='word_1_393' title='bbox 846 3086 1060 3138; x_wconf 87' lang='lat' dir='ltr'><strong>Egyptian</strong></span> <span class='ocrx_word' id='word_1_394' title='bbox 1078 3085 1160 3137; x_wconf 87' lang='lat' dir='ltr'><strong>god</strong></span> <span class='ocrx_word' id='word_1_395' title='bbox 1179 3085 1225 3125; x_wconf 86' lang='lat' dir='ltr'><strong>of</strong></span> <span class='ocrx_word' id='word_1_396' title='bbox 1239 3085 1403 3124; x_wconf 83' lang='lat' dir='ltr'><strong>silence.</strong></span> 
     </span>
    </p>

    <p class='ocr_par' dir='ltr' id='par_1_9' title="bbox 179 3145 1839 3262">
     <span class='ocr_line' id='line_1_41' title="bbox 289 3145 1839 3199; baseline -0.003 -11"><span class='ocrx_word' id='word_1_397' title='bbox 289 3161 397 3188; x_wconf 86' lang='lat' dir='ltr'><strong>cum</strong></span> <span class='ocrx_word' id='word_1_398' title='bbox 417 3160 502 3188; x_wconf 81' lang='lat' dir='ltr'><strong>suo</strong></span> <span class='ocrx_word' id='word_1_399' title='bbox 531 3151 872 3195; x_wconf 80' lang='lat' dir='ltr'><strong>Cynocephalo.</strong></span> <span class='ocrx_word' id='word_1_400' title='bbox 929 3147 1111 3197; x_wconf 87' lang='lat' dir='ltr'><strong>Anubis,</strong></span> <span class='ocrx_word' id='word_1_401' title='bbox 1132 3160 1158 3186; x_wconf 88' lang='lat' dir='ltr'><strong>a</strong></span> <span class='ocrx_word' id='word_1_402' title='bbox 1177 3146 1441 3199; x_wconf 87' lang='lat' dir='ltr'><strong>dog-headed</strong></span> <span class='ocrx_word' id='word_1_403' title='bbox 1458 3146 1672 3199; x_wconf 82' lang='lat' dir='ltr'><strong>Egyptian</strong></span> <span class='ocrx_word' id='word_1_404' title='bbox 1698 3145 1839 3198; x_wconf 88' lang='lat' dir='ltr'><strong>deity;</strong></span> 
     </span>
     <span class='ocr_line' id='line_1_42' title="bbox 179 3207 1768 3262; baseline -0.002 -13"><span class='ocrx_word' id='word_1_405' title='bbox 179 3222 310 3261; x_wconf 89' lang='lat' dir='ltr'><strong>comp.</strong></span> <span class='ocrx_word' id='word_1_406' title='bbox 331 3210 460 3262; x_wconf 86' lang='lat' dir='ltr'><strong>Verg.</strong></span> <span class='ocrx_word' id='word_1_407' title='bbox 479 3212 587 3250; x_wconf 78' lang='lat' dir='ltr'><strong>Aen.</strong></span> <span class='ocrx_word' id='word_1_408' title='bbox 609 3211 697 3251; x_wconf 87' lang='lat' dir='ltr'><strong>viii.</strong></span> <span class='ocrx_word' id='word_1_409' title='bbox 718 3210 811 3262; x_wconf 91' lang='lat'><strong>698,</strong></span> <span class='ocrx_word' id='word_1_410' title='bbox 831 3211 1037 3250; x_wconf 87' lang='lat' dir='ltr'><strong>‘latrator</strong></span> <span class='ocrx_word' id='word_1_411' title='bbox 1054 3209 1221 3249; x_wconf 88' lang='lat' dir='ltr'><strong>Anubis</strong></span> <span class='ocrx_word' id='word_1_412' title='bbox 1235 3207 1246 3226; x_wconf 93' lang='lat'>&#39;</span> <span class='ocrx_word' id='word_1_413' title='bbox 1255 3221 1268 3258; x_wconf 78' lang='lat'><em>3</em></span> <span class='ocrx_word' id='word_1_414' title='bbox 1298 3208 1421 3250; x_wconf 87' lang='lat' dir='ltr'><strong>Ovid.</strong></span> <span class='ocrx_word' id='word_1_415' title='bbox 1440 3209 1531 3249; x_wconf 84' lang='lat' dir='ltr'><strong>Am.</strong></span> <span class='ocrx_word' id='word_1_416' title='bbox 1551 3209 1595 3249; x_wconf 84' lang='lat' dir='ltr'><strong>ii.</strong></span> <span class='ocrx_word' id='word_1_417' title='bbox 1621 3218 1683 3258; x_wconf 84' lang='lat'><strong>13.</strong></span> <span class='ocrx_word' id='word_1_418' title='bbox 1709 3219 1768 3246; x_wconf 93' lang='lat'><strong>11.</strong></span> 
     </span>
    </p>

    <p class='ocr_par' dir='ltr' id='par_1_10' title="bbox 237 3271 1088 3322">
     <span class='ocr_line' id='line_1_43' title="bbox 237 3271 1088 3322; baseline 0.001 -13"><span class='ocrx_word' id='word_1_419' title='bbox 237 3281 298 3320; x_wconf 80' lang='grc'><strong>13.</strong></span> <span class='ocrx_word' id='word_1_420' title='bbox 330 3274 676 3313; x_wconf 83' lang='lat' dir='ltr'><strong>abdicaverant.</strong></span> <span class='ocrx_word' id='word_1_421' title='bbox 735 3272 811 3312; x_wconf 87' lang='lat' dir='ltr'><strong>See</strong></span> <span class='ocrx_word' id='word_1_422' title='bbox 829 3275 940 3322; x_wconf 88' lang='lat' dir='ltr'><strong>note,</strong></span> <span class='ocrx_word' id='word_1_423' title='bbox 963 3271 1029 3312; x_wconf 87' lang='lat' dir='ltr'><strong>ch.</strong></span> <span class='ocrx_word' id='word_1_424' title='bbox 1051 3282 1088 3322; x_wconf 80' lang='lat'><strong>3.</strong></span> 
     </span>
    </p>
   </div>
  </div>
 </body>
</html>
