2124 3554
180 249 283 288 cn.
301 240 438 293 xlx]
505 232 766 285 adversus
807 229 1000 285 Gentes
1023 240 1130 299 pro
1173 231 1522 287 Christiani&
1782 235 1848 300 67

177 378 331 427 modis
354 376 666 425 consisterem
689 374 968 423 divinarum
1002 362 1292 436 litterarum,
1321 376 1364 425 si
1386 393 1485 425 non
1509 379 1660 439 major
1684 382 1848 426 aucto-

177 460 299 508 ritas
335 458 435 507 illis
469 458 532 505 ad
565 455 711 505 fidem
745 455 806 505 de
839 455 1061 505 veritatis
1097 473 1212 505 suae
1247 457 1452 518 viribus,
1490 475 1638 521 quam
1672 458 1849 507 aetatis

177 540 430 590 annalibus
460 538 769 603 suppetisset.
813 537 970 599 ·Quid
1006 538 1137 586 enim
1171 540 1423 602 potentius
1458 539 1850 603 patrocinabitur

176 621 454 673 testimonio
490 618 672 680 earum,
706 619 802 668 nisi
835 619 1114 684 dispunctio
1149 621 1436 685 quotidiana
1469 622 1648 671 saeculi
1682 623 1849 682 totius,

178 724 287 756 cum
311 704 654 768 dispositiones
687 719 963 765 regnorum,
990 720 1102 751 cum
1138 720 1276 752 casus
1304 705 1518 764 urbium,
1544 722 1656 753 cum
1691 706 1851 754 exitus
1868 720 1890 760 5

177 789 414 853 gentium,
461 804 574 836 cum
619 789 776 835 status
822 789 1096 849 temporum
1142 786 1215 835 ita
1261 787 1486 836 omnibus
1541 788 1852 852 respondent,

179 870 580 936 quemadmodum
595 872 709 917 ante
727 868 880 916 millia
903 885 1140 917 annorum
1159 854 1673 933 praenuntiabantur?
1706 870 1854 919 Unde

178 958 230 1003 et
275 970 386 1017 spes
431 955 611 1010 nostra,
649 967 795 1014 quam
841 950 1029 1010 ridetis,
1072 951 1334 1011 animatur,
1377 957 1428 1001 et
1474 953 1667 1012 fiducia,
1706 968 1854 1016 quam

178 1034 618 1100 praesumptionem
641 1032 837 1092 vocatis,
863 1033 1217 1102 corroboratur.
1287 1035 1471 1083 Idonea
1505 1041 1580 1084 est
1614 1035 1744 1083 enim
1778 1052 1854 1083 re-

179 1118 389 1182 cognitio
410 1115 784 1180 praeteritorum
820 1115 883 1163 ad
906 1114 1258 1179 disponendam
1292 1117 1523 1165 fiduciam
1546 1118 1852 1166 futurorum:
1875 1140 1924 1168 10

181 1201 375 1249 eaedem
389 1215 529 1248 voces
543 1197 946 1262 praedicaverunt
962 1202 1221 1262 utramque
1235 1205 1438 1262 partem,
1453 1200 1647 1248 eaedem
1661 1200 1856 1249 litterae

181 1285 491 1331 notaverunt.
563 1279 734 1328 Unum
769 1283 844 1327 est
879 1283 1074 1343 tempus
1109 1281 1241 1344 apud
1276 1281 1400 1342 illas,
1437 1282 1568 1345 quod
1601 1282 1735 1345 apud
1769 1298 1857 1330 nos

181 1363 397 1428 separari
420 1362 631 1411 videtur.
700 1361 780 1410 Ita
804 1361 963 1410 omnia
986 1379 1108 1426 quae
1144 1369 1406 1426 supersunt
1432 1363 1706 1427 improbata
1741 1369 1858 1413 sunt

181 1446 333 1505 nobis,
359 1444 475 1509 quia
499 1461 609 1492 cum
632 1443 744 1504 illis,
772 1460 896 1507 quae
929 1445 1136 1507 probata
1161 1450 1289 1504 sunt,
1319 1450 1440 1494 tunc
1462 1446 1642 1495 futuris
1664 1447 1856 1510 praedi-

183 1530 434 1578 cabantur.
507 1526 735 1583 Habetis,
762 1525 892 1589 quod
928 1527 1092 1583 sciam,
1129 1532 1180 1576 et
1202 1544 1288 1576 vos
1321 1527 1573 1591 Sibyllam,
1611 1533 1855 1593 quatenus
1874 1549 1924 1589 15

241 1649 277 1678 1.
306 1639 348 1677 si
375 1649 473 1677 non
501 1637 664 1685 mador,
693 1638 767 1676 eto.
815 1641 826 1657 ⁶
841 1635 888 1675 If
901 1636 1006 1688 they
1026 1636 1101 1676 did
1119 1641 1195 1677 not
1214 1637 1360 1678 derive
1378 1651 1405 1678 a
1423 1642 1593 1690 greater
1612 1638 1856 1691 credibility

181 1698 290 1740 from
308 1699 422 1739 their
440 1711 534 1737 own
559 1698 755 1738 intrinsic
773 1698 894 1738 truth
913 1697 1020 1738 than
1039 1700 1182 1740 would
1201 1701 1254 1740 be
1272 1705 1319 1740 at
1339 1700 1455 1740 hand
1472 1701 1518 1740 in
1537 1701 1611 1740 the
1629 1701 1794 1741 records
1813 1702 1860 1741 of

183 1762 296 1803 their
310 1758 553 1813 antiquity.’

240 1834 278 1873 3.
310 1825 439 1869 Quid
466 1824 595 1862 enim
622 1824 880 1869 potentius.
939 1823 951 1843 ‘
966 1822 1050 1862 For
1068 1823 1186 1864 what
1213 1824 1338 1864 could
1363 1837 1481 1864 more
1511 1824 1764 1878 powerfully
1782 1824 1854 1865 de·

183 1885 284 1926 fend
302 1885 415 1925 their
434 1885 664 1935 testimony
682 1884 788 1923 than
810 1884 934 1936 (nist)
958 1915 967 1924 .
991 1915 1001 1925 .
1024 1883 1046 1924 .'

238 1959 277 1999 4.
307 1948 580 1993 dispunctio
597 1947 886 1993 quotidiana.
945 1946 1026 1986 See
1043 1950 1156 1996 note,
1178 1947 1242 1988 ch.
1267 1947 1330 1988 18.

296 2011 486 2049 saeculi.
542 2008 659 2048 Here
684 2007 802 2057 used,
821 2021 867 2047 as
892 2009 938 2048 in
963 2008 1028 2049 ch.
1052 2007 1118 2059 26,
1139 2009 1203 2049 for
1222 2010 1296 2050 the
1319 2013 1492 2050 ‘events
1521 2010 1567 2051 of
1590 2011 1666 2051 the
1690 2010 1857 2051 world’s

185 2068 375 2124 history.'

243 2143 281 2183 5.
312 2133 661 2178 dispositiones.
718 2131 814 2171 MS.
833 2130 1122 2182 dispositione.

243 2191 281 2232 6.
312 2197 463 2232 status
491 2196 757 2238 temporum
777 2209 814 2224 =
836 2194 846 2213 ‘
861 2193 997 2232 officia
1029 2197 1268 2245 temporum
1301 2198 1346 2234 et
1375 2194 1680 2235 elementorum
1712 2194 1859 2234 munia

189 2251 454 2301 exorbitant‚’
473 2253 539 2294 ch.
562 2264 625 2292 20.

245 2327 283 2366 9.
311 2314 571 2361 recognitio
597 2315 971 2360 praeteritorum.
1030 2320 1040 2336 ⁶
1053 2315 1127 2354 An
1146 2316 1432 2356 examination
1455 2316 1502 2356 of
1525 2316 1601 2357 the
1620 2320 1716 2369 past
1734 2320 1857 2356 natu·

190 2376 300 2429 rally
318 2375 435 2415 leads
453 2388 502 2414 us
521 2379 566 2414 to
585 2375 703 2427 place
722 2375 959 2415 confidence
978 2376 1025 2415 in
1043 2375 1186 2416 future
1205 2375 1485 2418 fulfilments.'

249 2449 266 2476 1
278 2448 312 2476 1.
336 2441 589 2483 ‘utramque
608 2441 808 2485 partem,
827 2438 893 2476 te.
914 2437 988 2476 the
1006 2441 1103 2489 past
1123 2438 1209 2477 and
1226 2438 1301 2478 the
1319 2438 1476 2478 future.

251 2509 314 2537 12.
343 2501 503 2538 'Unum
523 2502 595 2537 est
614 2502 813 2544 tempus.
855 2498 978 2538 With
992 2499 1066 2538 the
1086 2500 1229 2539 sacred
1246 2501 1438 2553 writings
1462 2500 1565 2539 time
1583 2500 1660 2539 has
1682 2500 1761 2540 but
1781 2513 1859 2540 one

192 2560 421 2607 character,
441 2558 545 2599 with
566 2571 614 2598 us
633 2559 669 2599 it
688 2560 724 2598 is
749 2559 910 2599 broken
927 2573 984 2612 up
1010 2560 1102 2600 into
1127 2561 1248 2601 three
1270 2565 1552 2614 parts—past,
1571 2566 1754 2614 present,
1774 2562 1860 2603 and

191 2622 345 2662 future.
408 2621 481 2672 Cp.
505 2620 570 2660 ch.
594 2632 657 2660 20.

251 2694 313 2734 13.
352 2684 618 2729 improbata
646 2686 770 2723 sunt.
827 2682 951 2723 Some
971 2683 1243 2723 emendation
1262 2685 1298 2724 is
1318 2684 1480 2724 needed
1501 2684 1613 2725 here.
1672 2684 1855 2725 Haverc.

193 2744 295 2784 read
314 2745 362 2783 in
381 2743 560 2796 probato
585 2746 685 2782 sunt
697 2761 714 2790 ;
746 2743 898 2796 Sciop„
916 2746 1017 2798 jam
1041 2745 1229 2796 probata
1258 2749 1383 2792 sunt;
1412 2760 1438 2786 a
1457 2759 1561 2798 very
1578 2746 1660 2785 fair
1679 2759 1798 2786 sense
1824 2747 1860 2786 is

194 2806 394 2846 obtained
426 2805 484 2858 by
512 2806 719 2857 inserting
744 2805 933 2857 probata
965 2806 1157 2847 between
1189 2808 1264 2847 the
1292 2813 1378 2848 two
1410 2807 1561 2857 words,
1592 2806 1731 2847 which
1762 2821 1862 2861 may

195 2868 329 2920 easily
347 2868 455 2907 have
482 2867 666 2918 dropped
695 2871 792 2908 out:
826 2869 836 2889 ‘
850 2867 948 2908 that
966 2868 1104 2909 which
1124 2874 1196 2922 yet
1222 2870 1406 2909 remains
1435 2869 1652 2922 unproved
1677 2869 1714 2908 is
1741 2873 1786 2910 to
1811 2882 1861 2910 us

194 2929 367 2982 proved,
386 2929 563 2968 because
583 2958 593 2969 .
619 2959 629 2969 .
649 2928 678 2969 .‘
736 2929 810 2981 Cp.
833 2929 899 2969 ch.
922 2942 985 2970 20.

255 3003 316 3042 15.
350 2993 565 3040 Habetis,
585 2993 714 3038 quod
741 2993 899 3040 sciam,
921 3022 931 3032 .
952 3021 962 3031 .
984 3022 993 3030 .
1014 2993 1201 3044 vestri]
1259 2993 1351 3032 MS.
1371 2994 1563 3041 Habetis,
1587 2992 1697 3045 quod
1715 2994 1860 3044 seiam,

198 3055 239 3091 et
267 3066 342 3092 nos·
369 3051 597 3104 Sibyllam,
619 3057 820 3104 quatenus
848 3053 1084 3104 appellatio
1112 3056 1201 3094 ista
1221 3085 1229 3093 .
1252 3085 1262 3093 .
1286 3085 1295 3094 .
1316 3057 1465 3096 nostri.
1521 3055 1622 3095 This
1649 3056 1726 3096 has
1754 3055 1862 3095 been

198 3127 302 3166 very
331 3114 545 3167 variously
578 3114 781 3154 emended
814 3115 899 3154 and
931 3117 1162 3157 rewritten.
1236 3119 1301 3157 As
1332 3117 1502 3170 printed
1529 3118 1574 3157 in
1604 3117 1678 3157 the
1705 3122 1797 3158 text
1825 3118 1862 3158 it

200 3188 333 3215 seems
361 3175 675 3216 translateable.
735 3176 818 3214 For
844 3176 918 3216 the
945 3177 1158 3218 reference
1185 3182 1231 3218 to
1257 3179 1331 3219 the
1360 3179 1493 3232 Sibyl,
1514 3192 1578 3232 cp.
1605 3179 1666 3220 ad
1686 3179 1793 3221 Nat.
1816 3181 1860 3220 ii.

204 3247 279 3288 1²3
306 3237 519 3290 Athenag.
539 3237 664 3290 Apol.
688 3236 752 3278 26.

964 3315 1063 3355 ΕΖ
