2124 3554
206 241 304 282 cn.
321 235 432 288 XV.]
524 228 783 280 adversus
825 225 1019 280 Gentes
1042 236 1149 295 pro
1192 224 1540 280 Christianis·
1799 233 1831 290 5
1835 236 1868 293 3

203 374 403 422 deorum
437 373 643 422 dedecus
677 376 950 438 operantur.
1021 371 1264 436 Dispicite
1300 371 1623 420 Lentulorum
1659 374 1707 417 et
1742 367 1872 416 Hos-

202 456 420 505 tiliorum
441 460 736 516 venustates,
762 459 930 504 utrum
958 454 1129 503 mimos
1153 471 1217 502 an
1241 455 1353 503 deos
1376 458 1566 502 vestros
1589 453 1641 499 in
1674 451 1795 514 jocis
1823 456 1874 499 et

203 537 413 602 strophis
447 538 677 587 rideatis:
715 552 974 586 MOECHUM
999 536 1236 595 ANUBIM,
1262 540 1312 584 et
1343 549 1631 584 MASOULUM
1662 534 1871 592 Linum,

203 622 254 668 et
287 619 510 668 DIANAM
545 618 939 678 FLAGELLATAM‚
978 623 1028 667 et
1063 619 1095 666 J
1099 633 1216 667 OVIs
1253 632 1451 666 Momm
1491 630 1874 665 TESTAMENTUM

202 702 475 761 recitatum,
517 706 568 750 et
608 717 733 750 'rans
774 702 1056 750 HERCULES
1093 714 1387 749 FAMEmcos
1422 700 1606 748 irrisos.
1680 698 1777 749 Sed
1821 700 1912 752 et5

203 784 498 833 histrionum
549 784 743 832 litterae
791 801 980 832 omnem
1036 782 1322 831 foeditatem
1375 798 1543 830 eorum
1601 781 1872 843 designant.

205 867 366 930 Luget
407 866 491 916 Sol
530 866 687 914 filium
722 869 965 928 jactatum
1007 865 1067 914 de
1108 864 1254 924 caelo,
1299 864 1596 913 laetantibus
1635 864 1787 922 vobis,
1824 866 1875 910 et

206 949 386 1012 Cybele
427 953 672 1012 pastorem
719 949 929 1012 suspirat
969 947 1288 1007 fastidiosum,
1332 965 1430 995 non
1475 946 1874 995 erubescentibus

204 1032 356 1082 vobis.
439 1032 510 1079 Et
561 1030 813 1080 sustinetis
864 1031 896 1079 J
899 1030 1002 1079 ovis
1048 1030 1206 1093 elogia
1258 1029 1465 1089 cantari,
1516 1034 1565 1078 et
1612 1029 1643 1077 J
1647 1045 1871 1088 unonem,

205 1116 462 1174 Venerem,
487 1114 759 1163 Minervam
793 1131 822 1162 a
855 1118 1048 1177 pastore
1077 1111 1306 1177 judicari.
1379 1112 1525 1174 Quid,
1552 1113 1682 1176 quod
1716 1111 1874 1175 imago
1896 1131 1945 1158 10

207 1198 286 1246 dei
325 1197 477 1246 vestri
521 1196 894 1260 ignominiosum
940 1200 1089 1259 caput
1129 1199 1179 1243 et
1224 1195 1461 1243 famosum
1501 1194 1685 1244 vestit-,2
1747 1194 1877 1258 quod

207 1296 380 1343 corpus
403 1279 653 1343 impurum
676 1283 726 1327 et
748 1278 809 1327 ad
836 1278 983 1326 istam
1015 1282 1169 1326 artem
1199 1277 1554 1326 effeminatione
1585 1273 1876 1340 productum

208 1362 480 1410 Minerva-m
535 1361 749 1425 aliquam
793 1360 873 1408 vel
920 1360 1184 1409 Herculem
1240 1361 1614 1423 repraesentat?
1700 1359 1877 1407 Nonne

205 1445 423 1494 violatur
478 1446 701 1506 majestas
750 1449 799 1492 et
846 1442 1083 1492 divinitas
1130 1447 1471 1506 constupratur
1527 1441 1876 1505 plaudentibus

206 1527 342 1575 vobis
362 1527 380 1574 2
403 1570 407 1575 .
1370 1536 1372 1539 ’
1896 1545 1944 1585 15

277 1609 424 1656 Plane
466 1606 785 1672 religiosiores
826 1607 941 1656 estis
982 1607 1035 1655 in
1076 1623 1234 1668 cavea,
1275 1606 1362 1654 ubi
1406 1622 1552 1669 super
1593 1604 1879 1669 sanguinem

207 1690 488 1749 humanum,
514 1706 658 1752 super
679 1689 1047 1753 inquinamenta
1078 1706 1344 1752 poenarum
1371 1688 1573 1752 proinde
1599 1688 1784 1736 saltant
1809 1687 1880 1735 dii

207 1772 371 1832 vestri,
397 1775 684 1835 argumenta
715 1776 765 1820 et
794 1772 1022 1821 historias
1057 1771 1215 1820 noxiis
1250 1771 1598 1830 ministrantes,
1627 1770 1723 1818 nisi
1748 1771 1880 1834 quod

209 1862 258 1904 et
301 1854 430 1919 ipsos
467 1854 580 1903 deos
625 1859 813 1903 vestros
853 1871 992 1919 saepe
1040 1854 1174 1902 noxii
1220 1853 1447 1901 induunt.
1519 1853 1752 1903 Vidimus
1793 1851 1876 1901 ali-

209 1937 401 2000 quando
436 1940 700 1985 castratum
729 1936 879 1999 Atyn,
907 1936 1049 1985 illum
1084 1937 1228 1984 deum
1263 1952 1323 1984 ex
1355 1934 1678 1995 Pessinunte3
1717 1939 1767 1983 et
1792 1934 1877 1999 qui
1895 1955 1948 1981 2ο

209 2018 350 2068 vivus
372 2018 587 2078 ardebat,
605 2018 867 2067 Herculem
889 2017 1133 2067 induerat.
1194 2017 1408 2066 Risimus
1432 2021 1483 2065 et
1506 2017 1637 2065 inter
1660 2016 1876 2065 ludicras

210 2131 368 2183 Paney.
399 2144 467 2184 49,
504 2132 736 2184 ‘exquisita
768 2132 939 2184 ingenia
970 2129 1196 2172 cenarum.'
1252 2131 1327 2182 Op.
1357 2131 1520 2170 Arnob.
1544 2131 1600 2170 iv.
1634 2141 1683 2178 23
1721 2130 1778 2169 vi.
1812 2140 1874 2179 13.

211 2193 266 2232 In
293 2193 357 2233 ch.
379 2204 443 2244 25,
469 2193 663 2244 ‘ingenia
690 2193 897 2245 fingendis
926 2190 1231 2233 simulacris'=
1250 2194 1262 2214 ‘
1276 2192 1349 2232 the
1378 2191 1517 2231 talent
1546 2192 1592 2230 of
1614 2191 1688 2230 the
1715 2191 1875 2230 Greeks

212 2251 297 2294 and
314 2255 498 2293 Tuscana
512 2254 558 2292 in
575 2254 813 2305 fashioning
831 2252 1016 2304 images.’

270 2327 306 2357 1.
335 2317 645 2355 Lentulorum
673 2320 721 2355 et
750 2317 1079 2355 Hostiliorum.
1135 2313 1476 2362 Farce-writers3
1517 2327 1580 2365 cp.
1613 2312 1664 2351 de
1684 2312 1800 2364 pall.
1834 2323 1874 2363 4,

214 2376 469 2428 ‘meritoque
513 2376 800 2428 mimographo
846 2376 1029 2415 Lentulo
1071 2376 1117 2414 in
1159 2374 1460 2415 Catinensibus
1503 2372 1875 2414 commemoratus?

223 2439 474 2478 Venustates
492 2456 530 2470 =
553 2440 565 2459 ‘
578 2436 836 2490 elegancies,'
857 2443 867 2459 ‘
881 2438 1021 2477 choiee
1039 2435 1264 2490 passages.'

270 2511 306 2550 3.
336 2502 554 2546 strophis.
617 2500 672 2539 In
693 2501 750 2539 its
772 2500 880 2539 later
898 2513 1031 2549 sense,
1052 2502 1063 2522 ‘
1077 2500 1210 2539 tricks
1225 2497 1236 2516 '
1248 2512 1259 2549 3
1288 2512 1351 2551 cp.
1373 2497 1425 2537 de
1443 2496 1583 2550 Speet.
1607 2510 1683 2551 29;
1713 2498 1744 2538 J
1748 2510 1874 2538 erom.
1901 2505 1904 2511 “

213 2562 258 2602 in
278 2561 376 2602 Ruf.
396 2562 454 2602 iii.
482 2572 558 2612 14;
587 2562 731 2602 Senec.
754 2561 866 2614 ΕΜ).
891 2560 953 2600 26.
978 2573 1016 2613 5.

320 2627 543 2665 Anubim.
600 2624 677 2664 See
696 2628 806 2673 note,
827 2624 890 2663 ch.
913 2622 950 2663 6.

267 2699 305 2738 4.
336 2689 536 2726 Dianam
554 2688 848 2733 flagellatam.
905 2686 1033 2726 Hom.
1056 2686 1091 2724 I
1090 2685 1184 2724 {iad
1201 2685 1287 2724 xxi.
1307 2685 1388 2736 489
1408 2684 1450 2723 ff.

269 2760 307 2800 5.
337 2750 564 2788 Hercules
594 2750 849 2788 famelicos.
915 2748 945 2787 J
951 2753 1034 2787 ests
1068 2759 1123 2786 on
1152 2743 1370 2786 Hercules'
1404 2745 1606 2797 gluttony
1634 2757 1744 2785 were
1774 2757 1878 2797 very

212 2822 426 2857 common3
455 2823 518 2861 cp.
539 2809 684 2861 Eurip.
703 2809 799 2850 Ale.
824 2816 900 2860 747
919 2809 963 2848 ff.

270 2880 307 2923 7.
336 2873 490 2910 filium
503 2873 746 2918 jactatum.
802 2870 1040 2911 Phaethon.

270 2934 307 2973 8.
337 2937 590 2980 pastorem.
646 2932 774 2984 Atys.

324 2997 554 3041 suspirat:
584 2994 724 3046 ‘sighs
751 2991 861 3043 for'3
891 3007 953 3046 cp.
986 2994 1016 3034 J
1022 3006 1144 3033 uven.
1163 2992 1218 3033 xi.
1239 3003 1343 3044 152;
1372 2992 1488 3031 Tert.
1518 2991 1571 3030 de
1598 2990 1698 3030 cult.
1719 2989 1859 3042 femi

219 3068 238 3094 2
256 3070 266 3102 ;
294 3055 338 3094 ii.
359 3055 397 3096 6.

274 3128 335 3157 10.
366 3119 634 3157 Minervam
653 3129 680 3157 a
697 3121 898 3164 pastore.
958 3117 1091 3156 Paris.

275 3190 336 3231 19.
365 3181 598 3220 induunt:
643 3186 652 3201 ‘
667 3193 832 3220 assume
857 3179 932 3220 the
960 3184 1057 3232 part
1079 3178 1125 3219 of
1134 3177 1169 3228 ';
1207 3191 1252 3218 as
1272 3178 1406 3218 Tacit.
1428 3178 1544 3217 Ann.
1565 3177 1650 3216 xvi.
1674 3177 1737 3223 28,
1759 3177 1770 3196 ‘
1785 3174 1877 3214 hos-

217 3243 306 3279 tem
323 3240 507 3281 Thrasea
523 3240 759 3283 induisset?
