2124 3554
221 253 292 310 52
691 245 1026 301 Tertulliani
1060 246 1111 299 Α
1106 245 1442 316 polegetz'cus
1676 254 1798 310 [cn.
1815 259 1914 300 XV.

220 389 406 439 fulmen
442 389 577 440 illius
613 396 702 453 est,
741 392 923 458 impius
958 393 1012 441 in
1046 398 1287 458 nepotem,
1324 393 1522 443 invidus
1558 394 1613 442 in
1654 394 1907 445 artificem.

221 474 359 522 Haec
383 491 543 539 neque
567 492 682 524 vera
713 477 870 540 prodi,
896 494 1055 541 neque
1079 477 1200 526 falsa
1236 475 1450 541 confingi
1484 477 1615 541 apud
1649 479 1907 543 religiosis-

220 556 368 606 simos
393 559 665 623 oportebat.
737 560 842 608 Nec
867 560 1049 625 tragici
1073 561 1273 624 quidem
1295 564 1383 609 aut
1408 560 1578 609 comici
1604 567 1828 625 parcunt,
1853 570 1910 612 ut
1976 614 1979 615 γ

219 655 319 688 11011
342 657 600 690 aerumnas
624 642 700 691 vel
728 659 917 691 errores
942 644 1115 692 domus
1140 643 1347 706 alicujus
1373 643 1453 691 dei
1476 644 1778 707 praefentur.

179 736 202 778 5
290 723 443 772 Taceo
461 724 520 773 de
543 724 859 790 philosophis,
877 725 1076 775 Socrate
1101 730 1373 784 contentus,
1394 727 1480 791 qui
1498 726 1551 774 in
1569 727 1910 778 contumeliam

220 805 423 855 deorum
446 825 682 872 quercum
706 812 757 857 et
791 809 986 858 hircum
1018 814 1069 859 et
1101 827 1270 858 canem
1307 809 1569 872 dejerabat.
1643 809 1740 861 Sed
1766 828 1908 876 prop-

218 892 356 938 terea
392 891 656 940 damnatus
693 897 768 941 est
807 892 1046 953 Socrates,
1084 893 1202 958 quia
1237 893 1350 941 deos
1392 893 1692 943 destruebat.
1763 894 1910 943 Plane

219 972 352 1032 olim,
374 972 427 1021 id
451 977 528 1022 est
551 991 755 1039 semper,
771 976 956 1025 veritas
981 975 1092 1025 odio
1116 980 1203 1024 est.
1267 976 1449 1024 Tamen
1472 993 1585 1025 cum
1607 977 1911 1042 paenitentia

218 1056 495 1105 sententiae
520 1056 848 1108 Athenienses
883 1063 935 1108 et
971 1060 1305 1108 criminatores
1334 1059 1547 1109 Socratis
1581 1065 1749 1125 postea
1780 1061 1908 1109 affix-

152 1159 204 1188 10
219 1138 365 1199 erint,
383 1143 434 1188 et
459 1140 725 1204 imaginem
750 1144 855 1205 ejus
879 1159 1077 1192 auream
1102 1142 1154 1190 in
1178 1142 1363 1206 templo
1388 1143 1684 1203 collocarint,
1705 1143 1910 1193 rescissa

219 1217 469 1267 damnatio
510 1221 851 1270 testimonium
896 1221 1088 1272 Socrati
1129 1222 1359 1272 reddidit.
1433 1221 1530 1272 Sed
1571 1228 1623 1273 et
1665 1223 1910 1287 Diogenes

218 1302 382 1352 nescio
417 1303 538 1368 quid
572 1303 626 1351 in
663 1305 928 1354 Herculem
963 1305 1110 1366 ludit,
1137 1308 1188 1354 et
1222 1305 1471 1355 Romanus
1510 1305 1724 1370 Cynicus
1748 1307 1910 1359 Varro

218 1388 467 1435 trecentos
514 1387 547 1435 J
551 1403 679 1448 oves,
727 1388 833 1438 sive
880 1388 1139 1453 Jupiteres
1187 1388 1463 1450 dicendum,
1513 1388 1617 1440 sine
1666 1389 1909 1456 capitibus

219 1468 509 1519 introducit.

157 1686 204 1727 Ι5
883 1642 1112 1734 CAPUT
1151 1685 1257 1734 XV.

294 1792 510 1842 CETERA
544 1794 772 1844 lasciviae
809 1795 1006 1861 ingenia
1043 1796 1191 1846 etiam
1228 1797 1572 1862 voluptatibus
1608 1799 1786 1849 vestris
1821 1817 1911 1864 per

280 1980 320 2020 4.
350 1970 650 2018 praefentur:
682 1975 692 1992 ‘
706 1970 841 2011 relate
862 1972 908 2011 in
927 1972 1043 2013 their
1056 1971 1304 2025 prologues.’

280 2040 318 2081 5.
351 2033 501 2071 Taceo
521 2034 580 2071 de
599 2035 913 2081 philosophis.
969 2035 1059 2076 But
1077 2049 1146 2075 see
1163 2035 1315 2086 below,
1335 2034 1400 2077 ch.
1421 2035 1490 2087 46.

334 2095 389 2133 111
427 2097 763 2136 contumeliam
811 2100 1020 2138 deorum.
1090 2099 1308 2151 Implying
1345 2098 1442 2139 that
1478 2099 1599 2140 these
1638 2099 1835 2152 (quercus
1871 2105 1910 2141 et

225 2155 374 2195 hircus
392 2158 435 2195 et
454 2157 593 2208 canis)
615 2171 726 2198 were
753 2161 944 2213 superior
962 2164 1008 2201 to
1028 2161 1103 2201 the
1128 2162 1256 2214 gods;
1287 2174 1352 2214 cp.
1372 2161 1557 2214 August.
1576 2163 1626 2203 de
1644 2176 1742 2203 vera
1760 2163 1838 2204 rel.
1861 2175 1880 2202 2
1899 2176 1911 2212 ;

225 2217 427 2258 Lactant.
449 2218 511 2259 iii.
537 2230 602 2259 20.

279 2278 318 2320 6.
352 2283 448 2320 Sed.
474 2285 740 2328 propterea.
800 2284 865 2324 Sc.
885 2284 1050 2325 dicitis.
1107 2285 1348 2325 Tertullian
1377 2285 1631 2338 anticipates
1658 2287 1735 2327 the
1761 2288 1909 2342 reply:
1988 2284 1995 2333 J

225 2342 237 2364 ‘
252 2341 445 2383 Socrates
464 2357 552 2383 was
571 2345 834 2386 condemned
853 2346 918 2386 for
935 2347 1035 2387 that
1054 2361 1159 2400 very
1176 2361 1338 2398 reason,
1359 2349 1537 2389 because
1556 2349 1611 2389 116
1631 2350 1912 2390 undermined

223 2404 299 2445 the
318 2405 539 2458 authority
558 2406 606 2446 of
619 2407 694 2447 the
712 2406 846 2460 gods.'
901 2409 992 2449 The
1011 2409 1266 2450 indictment
1285 2411 1455 2463 against
1475 2411 1667 2452 Socrates
1685 2426 1765 2453 ran
1783 2412 1909 2454 thus:

224 2466 381 2506 Ἀδικεῖ
402 2466 612 2520 Σωκράτης
631 2468 698 2509 οὓς
719 2468 795 2520 μὲν
813 2472 840 2522 ἡ
859 2470 976 2511 πόλις
999 2470 1148 2522 νομίζει
1178 2470 1289 2512 θεοὺς
1313 2474 1360 2512 οὐ
1387 2471 1570 2523 νομίζων,
1593 2472 1712 2525 ἕτερα
1731 2474 1774 2514 δὲ
1793 2473 1911 2519 καινὰ

225 2528 408 2580 δαιμόνια
434 2529 645 2583 εἰσφέρων·
674 2531 806 2572 ἀδικεῖ
828 2532 873 2573 δὲ
899 2532 966 2573 καὶ
985 2532 1078 2574 τοὺς
1104 2532 1216 2575 νέους
1244 2533 1494 2587 διαφθείρων,
1514 2536 1711 2590 Xenoph.
1732 2537 1861 2579 Mem,
1881 2537 1910 2578 i.

228 2603 246 2630 1
264 2606 274 2638 ;
310 2592 490 2645 Diogen.
511 2593 656 2634 Laert.
676 2594 720 2635 ii.
741 2607 810 2647 40.

281 2666 320 2707 9.
351 2658 680 2696 criminatores
718 2660 930 2698 Socratis
963 2662 1132 2705 postea
1165 2661 1416 2699 affixerint.
1491 2661 1666 2714 Anytus
1696 2661 1763 2702 his
1801 2659 1917 2703 chief

225 2731 396 2758 accuser
424 2731 511 2759 was
541 2719 762 2771 banished,
796 2721 881 2761 and
918 2721 1101 2761 Melitus
1133 2722 1284 2762 stoned
1317 2725 1362 2762 to
1394 2722 1536 2764 death.
1609 2725 1736 2777 Diog.
1767 2724 1911 2764 Laert.

225 2793 270 2819 11.
296 2791 364 2831 43.

287 2852 349 2883 10.
379 2844 635 2890 imaginem
665 2857 868 2885 auream.
929 2842 1084 2898 Query,
1115 2858 1283 2887 aeream
1297 2862 1314 2893 ,·
1354 2846 1429 2886 the
1460 2851 1598 2888 statue
1625 2860 1712 2888 was
1741 2847 1909 2899 bronze,

226 2903 350 2957 Diog.
369 2905 510 2945 Laert.
533 2905 560 2946 l.
584 2920 618 2946 e.
642 2905 834 2959 Σωκράτη
856 2906 899 2946 δὲ
920 2909 1083 2959 χαλκῆς
1102 2907 1253 2948 εἰκόνος
1273 2907 1533 2959 ἐτιμήσαντο.

285 2976 349 3006 11.
387 2969 719 3008 testimonium
761 2972 946 3010 Socrati
984 2973 1221 3010 reddidit:
1275 2963 1488 3011 ‘restored
1534 2970 1609 3011 the
1645 2971 1829 3024 validity
1867 2971 1914 3010 of

227 3026 430 3067 Socrates’
457 3029 714 3084 testimony!
772 3032 918 3072 Oontr.
940 3032 1015 3072 the
1041 3046 1115 3074 use
1145 3032 1191 3072 of
1211 3032 1500 3074 testimonium
1523 3033 1732 3083 reddidit,
1753 3033 1818 3072 ch.
1839 3032 1907 3084 46,

226 3089 370 3130 where
389 3091 425 3130 it
444 3091 630 3143 signifies
651 3098 661 3114 ‘
676 3095 777 3134 bore
797 3085 1056 3147 testimony?

287 3149 351 3191 16.
369 3153 594 3193 lasciviae
607 3157 826 3202 ingenia:
850 3158 861 3177 ‘
872 3156 1129 3208 ingenuities
1145 3156 1192 3195 of
1204 3159 1374 3196 wauton
1390 3156 1581 3208 pleasure
1592 3154 1603 3172 ‘
1619 3169 1629 3205 ;
1653 3155 1718 3195 for
1731 3156 1820 3197 this
1836 3169 1909 3196 use

230 3211 277 3252 of
290 3211 467 3264 ingenia
489 3215 553 3264 (=
578 3215 743 3269 ‘happy
762 3215 1033 3264 inventions‚’
1054 3224 1064 3240 ⁸
1077 3218 1218 3258 elever
1236 3217 1441 3270 thoughts
1456 3215 1485 3268 ')
1508 3231 1577 3258 see
1596 3217 1744 3267 below,
1761 3218 1826 3258 ch.
1839 3230 1906 3269 49,

231 3274 445 3328 ‘insignia
473 3275 665 3328 ingenia’
681 3291 692 3328 3
723 3279 775 3319 de
805 3280 910 3323 cult.
926 3280 1034 3332 fem.
1064 3280 1092 3322 i.
1120 3291 1159 3331 2,
1192 3281 1306 3320 ‘sine
1340 3280 1523 3333 ingeniis
1552 3278 1760 3332 decoris’;
1795 3280 1907 3320 Plin.
