2124 3554
256 207 327 257 60
730 207 1065 261 Tertulliani
1097 207 1149 258 A
1144 206 1473 276 polegetz‘cus
1668 214 1785 267 [cn.
1802 216 1937 258 XV11.

255 349 577 412 aestimetur,
611 351 721 400 ideo
745 369 890 401 verus
913 356 965 401 et
993 355 1163 401 tantus
1196 357 1283 401 est.
1356 351 1589 400 Ceterum
1624 352 1755 416 quod
1779 348 1939 400 videri

255 435 592 496 communiter,
619 435 750 499 quod
773 435 1129 500 comprehendi,
1148 435 1279 499 quod
1302 434 1554 483 aestimari
1578 439 1754 498 potest,
1775 434 1940 482 minus

257 522 332 567 est
360 523 410 567 et
439 518 592 569 oculis
628 518 807 582 quibus
843 522 1122 582 occupatur,
1148 522 1200 566 et
1234 517 1460 566 manibus
1489 517 1668 581 quibus
1704 517 1940 566 contami·
1995 543 1998 545 Δ

258 605 418 662 natur,
445 607 495 651 et
530 602 752 651 sensibus
776 602 956 665 quibus
991 602 1256 651 invenit-ur.
1329 601 1475 663 Quod
1497 618 1613 650 vero
1647 601 1941 650 immensum

216 704 240 747 5
258 687 345 743 est,
384 684 472 733 soli
519 684 614 734 sibi
630 750 636 756 ⁵
653 689 825 733 notum
870 690 958 734 est.
1040 685 1152 733 Hoc
1193 688 1268 733 est
1305 684 1437 748 quod
1483 684 1647 732 Deum
1691 682 1943 733 aestimari

256 767 386 828 facit,
425 768 543 815 dum
576 768 828 817 aestimari
863 785 962 816 non
997 767 1144 832 capit.
1215 767 1297 815 Ita
1333 784 1442 815 eum
1474 767 1551 816 vis
1586 766 1943 831 magnitudinis

257 855 308 899 et
331 855 504 899 notum
527 850 807 900 hominibus
835 851 1006 916 objicit
1030 855 1080 899 et
1103 851 1346 915 ignotum.
1417 851 1487 899 Et
1509 850 1630 899 haec
1654 854 1730 899 est
1754 866 1944 900 summa

257 933 428 982 delicti
455 934 730 983 nolentium
765 951 1121 998 recognoscere,
1152 952 1297 998 quem
1332 933 1558 997 ignorare
1589 950 1687 981 non
1721 938 1943 997 possunt.

257 1017 423 1065 Vultis
452 1034 514 1066 ex
544 1017 774 1081 operibus
806 1017 958 1082 ipsius
989 1021 1068 1066 tot
1102 1035 1158 1066 ac
1183 1017 1381 1076 talibus,
1408 1017 1586 1080 quibus
1622 1015 1943 1073 continemur,

194 1124 244 1152 10
261 1099 439 1164 quibus
464 1100 774 1160 sustinemur,
800 1101 980 1164 quibus
1004 1101 1319 1159 oblectamur,
1345 1099 1497 1149 etiam
1521 1099 1702 1162 quibus
1726 1102 1944 1148 exterre-

259 1201 383 1243 mur,
404 1183 560 1232 vultis
584 1201 646 1232 ex
669 1183 860 1233 animae
884 1184 1040 1248 ipsius
1059 1182 1339 1232 testimonio
1364 1183 1732 1246 comprobemus
1751 1182 1769 1230 'l
1808 1181 1946 1242 Quae

259 1266 376 1314 licet
399 1283 590 1315 carcere
624 1266 841 1331 corporis
872 1283 1055 1331 pressa,
1081 1266 1198 1315 licet
1224 1265 1628 1314 institutionibus
1660 1263 1827 1329 pravis
1851 1262 1946 1312 cir-

260 1350 570 1413 cumscripta,
590 1349 710 1398 licet
732 1348 1022 1398 libidinibus
1047 1365 1104 1397 ac
1127 1347 1531 1411 concupiscentiis
1547 1347 1814 1411 evigorata,
1834 1345 1949 1394 licet

259 1432 396 1481 falsis
421 1432 517 1481 diis
543 1432 852 1492 exancillata,
873 1449 990 1481 cum
1013 1435 1182 1480 tamen
1197 1430 1467 1495 resipiscit,
1492 1435 1552 1479 ut
1576 1449 1637 1479 ex
1659 1429 1871 1494 crapula,
1889 1432 1950 1478 ut
1987 1420 2005 1425 ἢ

195 1536 243 1577 15
261 1532 322 1564 ex
345 1533 526 1576 somno,
553 1519 612 1564 ut
637 1533 698 1564 ex
722 1515 889 1578 aliqua
911 1513 1209 1573 valetudine,
1235 1518 1286 1562 et
1311 1513 1572 1562 sanitatem
1587 1530 1724 1562 suam
1743 1511 1949 1577 patitur,

262 1629 381 1681 place
402 1627 494 1678 of'3
525 1642 612 1681 aq.
644 1628 686 1668 S.
708 1629 836 1681 Greg.
868 1628 988 1680 Mag.
1009 1627 1123 1681 Epp.
1145 1627 1173 1667 i.
1201 1638 1235 1666 1.
1293 1626 1384 1666 The
1412 1626 1626 1679 adjective
1655 1630 1949 1678 repraesenta-

263 1705 363 1732 neus
383 1705 525 1732 occurs
546 1705 591 1732 as
612 1706 638 1732 a
656 1705 749 1732 var.
773 1691 867 1731 lect.
887 1692 935 1731 in
955 1691 1019 1731 ch.
1044 1692 1110 1741 28,
1131 1704 1200 1731 see
1219 1693 1332 1730 note.

319 1765 356 1806 4.
387 1756 684 1804 immensum,
699 1756 709 1776 ‘
723 1751 1079 1803 immeasurable,'
1096 1755 1108 1774 ‘
1121 1751 1316 1792 infinite.'
1351 1751 1495 1804 Comp.
1511 1751 1655 1792 Cicero
1668 1750 1717 1791 de
1727 1753 1816 1792 nat.
1830 1749 1947 1790 deor.

263 1817 293 1857 i.
317 1828 379 1856 10.
406 1815 468 1866 26,
492 1819 502 1839 ‘
519 1816 624 1857 Post
642 1817 932 1857 Anaximenes
960 1819 1060 1855 aera
1087 1815 1214 1855 deum
1243 1815 1410 1864 statuit,
1431 1827 1611 1866 eumque
1633 1814 1751 1866 gigni
1778 1825 1953 1865 esseque

266 1881 521 1919 immensum
535 1884 578 1919 et
594 1879 812 1919 infinitum
830 1882 872 1919 et
887 1892 1052 1931 semper
1070 1879 1118 1918 in
1131 1875 1278 1918 motu.'
1316 1877 1406 1917 The
1423 1877 1556 1916 Latin
1570 1877 1800 1916 translator
1819 1876 1866 1915 of
1875 1875 1952 1916 the

267 1942 487 1995 Shepherd
505 1941 579 1996 (M
577 1942 679 1983 and.
694 1943 735 1993 1)
748 1942 923 1981 renders
938 1941 1057 1990 μόνος
1077 1939 1120 1979 δὲ
1139 1939 1351 1993 ἀχώρητος
1365 1937 1420 1978 ὤν
1437 1939 1496 1992 by
1509 1939 1627 1979 solus
1639 1940 1861 1979 immensus
1879 1941 1955 1979 est.

269 2006 323 2046 So
335 2006 410 2045 the
426 2005 682 2058 Quicunque,
698 2006 710 2027 ‘
722 2005 961 2044 Immensus
970 2004 1111 2050 Pater,
1124 2003 1353 2042 immensus
1366 1999 1530 2052 Filius‚’
1541 2004 1615 2042 ete.
1646 2002 1758 2041 hen.
1771 2002 1828 2041 iv.
1842 2012 1904 2041 20.
1918 2012 1956 2042 2.

324 2068 363 2108 6.
392 2071 507 2107 dum
527 2070 769 2108 aestimari
789 2080 888 2107 non
901 2070 1052 2114 capit:
1085 2070 1097 2088 ‘
1112 2065 1318 2118 although
1330 2065 1402 2105 He
1417 2064 1515 2104 does
1530 2068 1607 2104 not
1627 2064 1762 2104 admit
1775 2063 1822 2103 of
1828 2063 1956 2116 being

267 2131 496 2171 estimated
510 2128 521 2147 '
534 2143 546 2180 3
587 2144 719 2183 comp.
753 2130 805 2170 de
836 2130 939 2169 cult.
962 2130 1073 2182 fem.
1102 2129 1131 2170 i.
1164 2139 1200 2177 2,
1238 2130 1250 2149 ‘
1266 2127 1390 2167 Haec
1419 2140 1506 2167 non
1535 2126 1651 2179 capit
1680 2126 1907 2183 aestimare
1919 2123 1958 2174 ’;

268 2195 364 2235 adv.
388 2194 527 2234 Marc.
550 2194 578 2234 i.
599 2193 638 2241 6,
658 2200 667 2216 ‘
684 2194 719 2234 si
739 2194 971 2246 depretiari
1000 2193 1116 2245 capit
1144 2192 1191 2232 in
1219 2188 1443 2232 Creatore'
1455 2203 1466 2241 3
1495 2191 1582 2230 and
1610 2190 1684 2230 the
1713 2203 1787 2230 use
1816 2189 1862 2230 of
1886 2202 1955 2229 ca-

263 2272 368 2312 pere
396 2259 492 2298 adv.
521 2258 671 2298 Herm.
704 2269 779 2308 113
809 2258 907 2299 adv.
936 2258 1076 2297 Prax.
1100 2264 1152 2308 73
1182 2255 1279 2297 adv.
1309 2256 1453 2295 Mem-c.
1488 2255 1545 2294 iv.
1573 2253 1636 2296 16.
1694 2254 1762 2294 On
1789 2253 1864 2294 the
1892 2254 1955 2293 in-

270 2322 520 2362 effableness
550 2321 596 2361 of
619 2321 715 2362 God
743 2335 812 2361 see
838 2322 1025 2374 August.
1056 2320 1109 2359 de
1139 2319 1259 2360 Tria.
1289 2332 1330 2359 v.
1355 2329 1431 2368 103
1459 2318 1534 2358 vii.
1559 2326 1597 2370 7,
1630 2317 1813 2357 ‘Verius
1843 2316 1957 2357 enim

268 2385 479 2437 cogitatur
497 2383 614 2423 Deus
632 2397 761 2436 quam
782 2384 952 2432 dicitur,
973 2387 1016 2423 et
1038 2382 1181 2422 verius
1202 2384 1267 2420 est
1285 2393 1415 2433 quam
1433 2377 1671 2433 cogitatur.’

330 2454 365 2498 7.
395 2449 460 2486 Et
478 2448 594 2486 haee
614 2451 687 2486 est
707 2458 890 2486 summa
909 2446 1087 2486 delicti.
1145 2443 1290 2495 Comp.
1310 2442 1434 2483 Rom.
1455 2442 1482 2482 i.
1506 2454 1572 2491 20,
1596 2451 1642 2481 21
1663 2453 1675 2492 ς
1705 2440 1746 2480 S.
1761 2440 1889 2494 Cyp'r.
1906 2440 1959 2480 de

270 2509 378 2550 idol.
398 2522 492 2550 van.
514 2521 552 2561 9.

326 2585 365 2626 9.
395 2574 555 2612 Vultis
585 2584 644 2612 ex
674 2574 909 2618 operibus.
967 2570 1059 2610 The
1087 2569 1319 2621 testimony
1339 2568 1385 2607 of
1409 2568 1581 2607 Nature
1610 2571 1656 2607 to
1675 2566 1794 2607 God:
1824 2579 1958 2618 comp.

271 2636 323 2675 de
343 2637 434 2674 test.
457 2647 525 2673 an.
547 2632 585 2676 6.
644 2634 734 2674 The
753 2633 927 2674 witness
949 2633 995 2673 of
1008 2632 1083 2673 the
1102 2631 1206 2672 Soul
1229 2630 1266 2670 is
1285 2635 1390 2670 next
1409 2629 1596 2670 referred
1617 2634 1675 2676 to,
1696 2628 1782 2669 and
1801 2628 1898 2668 that
1917 2626 1963 2667 of

272 2697 528 2737 Revelation
548 2697 595 2735 in
613 2696 677 2738 ch.
708 2697 769 2736 18.

383 2762 558 2806 quibus
577 2762 890 2800 continemur.
948 2757 1029 2797 See
1048 2760 1164 2807 note,
1186 2756 1252 2797 ch.
1278 2766 1342 2796 11.

332 2833 395 2861 11.
426 2834 485 2861 ex
503 2824 687 2862 animae
707 2824 859 2869 ipsius
887 2822 1178 2861 testimonio.
1234 2818 1327 2858 The
1346 2815 1483 2857 whole
1506 2815 1683 2856 treatise
1703 2815 1715 2837 ‘
1732 2814 1798 2854 De
1825 2813 1961 2853 Testi-

274 2884 415 2923 monio
434 2884 621 2924 Animae
635 2882 646 2900 '
667 2884 704 2924 is
723 2897 780 2924 an
799 2882 1034 2935 expansion
1052 2881 1099 2921 of
1120 2881 1195 2921 the
1214 2882 1442 2933 argument
1452 2878 1567 2918 here.
1625 2877 1671 2916 It
1689 2889 1775 2916 was
1788 2875 1961 2916 written

275 2958 377 2985 soon
397 2945 508 2985 after
526 2946 600 2986 the
619 2946 832 2998 Apology,
853 2944 938 2984 and
966 2943 1159 2989 contains
1188 2956 1213 2982 a
1242 2942 1456 2982 reference
1486 2939 1570 2992 (ch.
1593 2938 1639 2992 5)
1666 2942 1712 2978 to
1737 2938 1811 2978 the
1837 2951 1959 2990 argu-

275 3011 395 3047 ment
414 3008 479 3047 for
495 3008 570 3047 the
590 3008 808 3060 antiquity
828 3008 875 3047 of
888 3006 963 3047 the
983 3006 1219 3058 Scriptures
1239 3005 1285 3044 in
1304 3003 1368 3045 ch.
1395 3015 1459 3055 19,
1479 3002 1628 3042 below.

335 3080 398 3119 13.
429 3071 686 3116 evigorata,
701 3072 712 3090 ‘
724 3068 954 3110 enervated
967 3065 1001 3118 ’ς
1030 3080 1165 3120 comp.
1182 3065 1231 3106 de
1245 3064 1358 3118 pall.
1371 3078 1412 3117 4,
1425 3069 1434 3085 ‘
1449 3063 1637 3103 mollitas
1657 3066 1699 3103 et
1720 3062 1963 3116 evigoratas

276 3136 320 3173 et
339 3130 617 3172 exeduratas.’

338 3206 398 3246 14.
429 3196 727 3244 exancillata,
749 3195 761 3217 ‘
774 3191 976 3234 enslaved
994 3196 1041 3233 to
1054 3189 1093 3242 ’3
1123 3205 1149 3232 a
1167 3189 1270 3241 ἅπαξ
1289 3195 1383 3242 λεγ.

387 3258 641 3308 resipiscit,
666 3259 677 3278 ‘
689 3256 813 3296 when
832 3256 870 3298 it
889 3268 1026 3297 comes
1045 3259 1091 3296 to
1110 3251 1256 3304 itself‚'
1276 3255 1287 3276 ‘
1300 3265 1492 3293 recovers
1511 3251 1568 3292 its
1589 3249 1756 3292 senses.’
